3110 5022
766 268 805 332 21

683 355 886 366 m—

222 487 292 557 post
304 481 412 540 Leonis
425 485 548 542 mortem
561 479 768 555 episcopatum
777 477 998 563 vercellensem
1011 478 1070 538 iam
1081 480 1201 540 ineunte
1213 499 1240 540 a.
1254 483 1343 542 1026.

221 589 380 660 acceperat
400 582 577 652 Ardericus‚
607 580 824 642 Ambrosianae
848 581 994 642 ecclesiae
1017 588 1106 644 antea
1129 584 1289 644 canonicus
1315 590 1346 644 et

222 686 289 764 ipso
305 684 532 762 archiepiscopo
548 684 799 744 familiarissimus
807 676 839 761 ¹).
862 675 992 744 ¹Illorum
1008 690 1124 757 autern,
1141 685 1191 762 qui
1207 685 1254 746 uel
1271 704 1344 764 pau·

220 788 311 850 lulum
325 787 355 848 ei
376 787 518 848 resistere
534 787 733 860 conabantur,
756 785 1011 848 consecrationem
1033 805 1099 848 eum
1118 787 1264 866 impedire
1284 805 1343 848 uon

219 895 325 970 posset
339 896 401 950 tam
418 889 469 950 diu
484 894 583 950 tamen
601 888 771 967 protelauit‚
788 889 857 950 dum
873 888 1021 950 uoluntati
1036 906 1109 952 suae
1124 890 1343 966 satisfacerent,

218 993 248 1054 id
265 993 343 1071 quod
361 997 469 1071 postea
483 992 513 1052 in
530 991 669 1052 Hubaldo
685 990 879 1052 Cremonensi
901 991 1037 1068 pluribus
1060 992 1342 1056 demonstrabimus.

283 1095 407 1158 Praeter
421 1096 616 1174 episcopatus
636 1095 784 1172 imprimis
800 1093 1000 1171 acquirendae
1015 1101 1101 1156 erant
1119 1096 1273 1168 abbatiae,
1294 1096 1343 1158 uel

220 1200 251 1260 in
271 1198 526 1274 suffraganeorum
552 1197 717 1275 episcopiis
738 1197 829 1268 sitae,
858 1196 906 1258 uel
929 1196 1027 1260 adhuc
1052 1197 1201 1276 imperiali
1227 1202 1343 1260 tantum

220 1301 325 1362 ditioni
337 1301 499 1362 subiectae.
517 1299 563 1360 Ita
574 1299 811 1380 archiepiscopis
819 1298 1171 1362 RauennatibusOttonis
1180 1299 1234 1361 III.
1244 1307 1342 1362 aetate

219 1404 401 1465 monasteria
416 1402 445 1464 S.
459 1403 569 1464 Mariae
584 1403 614 1462 in
630 1401 792 1480 Pomposa‚
808 1401 838 1462 S.
851 1401 959 1462 Hilarii
973 1401 1004 1462 in
1017 1400 1152 1477 Galeata,
1168 1401 1197 1463 S.
1211 1403 1342 1464 Thomas

217 1512 250 1568 et
262 1507 292 1568 S.
309 1505 494 1584 Euphemiae
509 1505 588 1566 intra
603 1505 752 1566 ciuitatem
770 1505 991 1568 Ariminensem
1012 1505 1205 1568 obuenerant.
1240 1505 1342 1584 Neque

217 1611 275 1670 bae
294 1610 324 1690 in
343 1627 377 1669 re
400 1608 672 1669 Mediolanensibus
693 1609 816 1685 antiqua
835 1609 901 1670 iura
921 1608 1088 1668 defuerunt.
1120 1607 1159 1668 Ut
1174 1608 1342 1686 exemplum

219 1712 351 1784 afferam,
375 1711 498 1772 abbatia
520 1709 550 1770 S.
567 1709 747 1782 saluatoris,
771 1728 848 1788 quae
872 1711 958 1772 Tolla
980 1711 1150 1783 dicebatur,
1173 1712 1204 1770 in
1227 1711 1342 1772 diocesi

219 1813 391 1875 Placentina
406 1814 464 1874 sita
478 1813 538 1872 iarn
553 1832 580 1874 a.
599 1814 669 1874 963.
687 1831 746 1874 uon
764 1813 941 1886 diocesano,
963 1813 1018 1876 sed
1034 1813 1262 1892 archiepiscopo
1279 1813 1342 1876 Me·

219 1915 386 1977 diolanensi
402 1908 569 1993 parebat2).
599 1914 694 1976 Simili
717 1915 832 1976 ratione
849 1915 979 1976 Heinrici
992 1915 1032 1978 11.
1049 1922 1183 1994 ternpore
1195 1917 1262 1995 ipse
1274 1917 1341 1978 Ari·

218 2020 320 2080 bertus
343 2019 555 2080 monasterium
577 2024 739 2096 martyrum
761 2016 850 2079 Filini
871 2023 901 2080 et
916 2017 1098 2094 Gratiniani‚
1117 2020 1195 2080 inira
1209 2021 1341 2082 Aronam

218 2127 348 2182 castrum
363 2121 523 2182 comitatus
539 2118 709 2198 Saprisnsis
729 2121 895 2196 eonditum,
912 2139 977 2182 curu
994 2122 1133 2196 omnibus
1148 2123 1336 2201 pertinentiis

217 2219 421 2300 acceperat³);
447 2222 575 2298 insignis
602 2227 702 2284 autem
723 2223 835 2285 fauoris
856 2225 1066 2287 documentum
1088 2230 1208 2302 praeter
1223 2227 1340 2305 episco-

219 2333 323 2405 patum
337 2325 524 2388 Laudeusem
540 2325 696 2388 Conradus
711 2345 739 2386 a.
756 2329 847 2390 1026.
863 2327 891 2388 ei
907 2326 1032 2388 contulit
1046 2328 1200 2390 abbatiam
1215 2329 1341 2392 nobilis·

219 2430 326 2490 simam
342 2434 373 2490 et
387 2429 656 2509 locupletissimam
674 2424 956 2508 Nonautulanarn⁴).

268 2519 416 2611 ‘Denique
431 2533 520 2594 etiam
542 2535 637 2594 multa
658 2531 779 2610 singula
799 2534 924 2611 praedia
947 2534 1005 2596 sibi
1027 2535 1227 2613 comparauit,
1249 2540 1279 2595 et
1299 2535 1342 2595 ita

216 2635 350 2713 quidem,
373 2641 406 2696 ut
428 2653 487 2696 non
510 2636 608 2698 solum
629 2636 767 2714 priuatos
782 2653 872 2709 usus,
896 2637 949 2698 sed
966 2643 997 2698 et
1012 2638 1113 2698 omnia
1126 2638 1195 2698 iura
1209 2639 1340 2716 publica,

216 2738 384 2800 districtum
397 2738 547 2816 imprimis
563 2744 593 2800 et
608 2738 770 2814 teloneum,
787 2739 823 2800 de
840 2740 885 2802 eis
900 2745 1059 2802 exerceret.
1085 2740 1288 2802 Peruenerunt
1302 2742 1341 2802 ad

215 2858 272 2902 nos
288 2841 410 2902 nomina
424 2847 605 2916 castrorum,
629 2859 705 2919 quae
726 2843 779 2902 tali
795 2843 966 2906 conditione
981 2843 1176 2904 in'territorio
1191 2843 1340 2906 Laudensi

214 2944 362 3021 acquisita
373 2951 481 3022 postea
491 2945 521 3004 in
534 2949 714 3006 testamento
726 2946 931 3024 compluribus
941 2946 1102 3008 Mediolani
1112 2946 1195 3008 urbis
1203 2947 1340 3009 ecclesiis

215 3048 263 3108 uel
279 3048 470 3110 monasteriis
485 3048 651 3126 delegauit:
676 3066 777 3128 eorum
795 3067 936 3110 numerus
952 3067 1046 3128 supra
1061 3052 1100 3110 ab
1117 3044 1292 3130 aseendit5).

266 3265 287 3330 ι)
305 3271 385 3332 wipo,
401 3271 457 3320 viu
467 3271 599 3320 (llruoursdi
610 3287 660 3333 sap.
674 3274 714 3320 12.

265 3349 287 3416 ¹)
305 3357 352 3406 cfr.
364 3357 444 3406 charte
455 3373 493 3419 ap.
504 3358 595 3418 ligbelli
606 3359 647 3406 1v.
660 3359 701 3406 96.
715 3359 756 3406 07.

266 3436 286 3501 ³)
306 3443 352 3490 Gir.
365 3444 466 3505 diploma
478 3459 499 3492 a
513 3446 587 3492 1028.
605 3445 629 3492 in
641 3445 700 3492 Hist.
712 3447 771 3506 patr.
785 3444 884 3490 Menum.
903 3443 981 3491 Ghart.
991 3444 1008 3492 1.
1022 3445 1084 3491 43οε
1103 3445 1241 3490 monasterio
1254 3444 1340 3492 domini

215 3528 354 3584 salvatoris,
371 3532 501 3576 sanetornur
516 3531 643 3577 martirium
654 3531 724 3577 Filini
736 3533 759 3577 et
771 3529 905 3586 Graciliaul,
925 3531 987 3590 qnod
1005 3533 1040 3577 est
1055 3530 1175 3577 fundatum
1192 3529 1252 3576 infra
1264 3533 1340 3577 castro

214 3615 306 3660 Arona.
317 3648 323 3660 .
334 3648 356 3671 .‚
369 3615 431 3675 quod
441 3617 603 3662 monesterium
613 3617 689 3676 ipsum
702 3630 753 3662 eum
765 3616 827 3662 omui
839 3629 881 3662 sua
889 3617 1030 3676 pertinencia
1038 3617 1130 3663 uidetur
1141 3617 1170 3664 de
1180 3617 1222 3663 sub
1231 3617 1340 3676 regimine

214 3702 237 3746 et
248 3701 363 3760 potestate
375 3699 556 3761 archiepiscopio
568 3704 647 3748 sancte
658 3700 837 3748 Mediolanensis
851 3700 959 3758 ecclesie,
975 3701 1015 3748 ubi
1027 3702 1124 3752 domnus
1136 3701 1255 3750 Aribertus
1267 3702 1339 3750 archi-

213 3786 335 3845 episcopus
346 3786 508 3845 prenrdinatus
520 3800 572 3834 esse
583 3787 682 3834 uidetur.
707 3785 793 3834 Giulini
805 3785 845 3832 III.
859 3787 906 3836 173
920 3800 971 3847 sqq.

264 3863 286 3927 ⁴)
305 3869 352 3917 Gir.
364 3869 478 3932 querpta
492 3887 505 3917 e
521 3871 626 3931 catalogo
643 3871 749 3918 tabularii
768 3873 899 3920 monasterii
912 3872 1068 3920 Monsntulani
1082 3885 1119 3934 sp.
1136 3871 1258 3927 dictatori,
1275 3873 1339 3920 Anti·

214 3957 313 4016 qaitetes
325 3956 354 4004 V.
368 3957 428 4004 cle:
449 3959 477 4004 A.
492 3959 565 4006 1026.
583 3957 744 4006 Monsntulaua
756 3957 847 4008 abbatia
857 3957 978 4006 Heriberto
989 3957 1156 4006 Mediolanensi
1166 3957 1338 4018 archiepiscopo

213 4041 317 4089 subiecta
328 4041 379 4090 fuir.

264 4123 286 4185 ⁵)
304 4128 412 4176 Purioelli
429 4144 452 4189 p.
466 4130 528 4176 Adi:
549 4129 662 4176 sedimine
683 4143 735 4176 cunr
752 4129 874 4184 aediliciis,
893 4129 1018 4186 clausuris,
1035 4128 1120 4185 hortis,
1142 4128 1234 4184 broliis,
1252 4129 1338 4190 campis

213 4247 220 4260 .
233 4247 239 4260 .
253 4246 259 4259 .
272 4214 384 4262 districtis
397 4217 420 4262 et
431 4214 536 4262 teloneis.
559 4214 669 4262 Similiter
681 4229 719 4271 aa,
732 4229 831 4275 quae-
842 4214 880 4262 uel
891 4213 1030 4262 hereditario
1042 4215 1090 4260 inre
1102 4217 1198 4276 accepts
1209 4213 1249 4260 uel
1258 4217 1339 4274 postes

212 4299 325 4359 requisita
338 4321 369 4332 -
382 4300 507 4348 Autimisni
518 4299 609 4356 habult,
627 4315 647 4348 a.
662 4301 736 4349 1044.
753 4300 814 4360 legat
825 4315 878 4348 curn
892 4300 1014 4358 „tollensis
1030 4303 1053 4346 et
1065 4297 1200 4348 districtis“.
1230 4300 1338 4350 Puricelli

212 4398 236 4445 p.
249 4383 306 4432 414.
