3110 5022
692 283 734 350 33

156 493 497 569 ellectumlrsbnerunt,
522 483 584 554 imo
612 495 716 574 pauci,
746 495 883 572 quicum
908 513 944 556 eo
970 499 1141 566 senserant,
1164 493 1283 554 detecta

155 599 258 658 iraude
284 595 598 658 Mediolanensibus
626 599 675 672 ,in
696 599 835 675 personis
862 603 893 657 et
913 597 1044 676 propriis
1069 593 1281 658 facultatibus“

156 701 253 778 puniti
280 706 359 762 sunt.
396 697 554 762 &aradus
582 706 681 760 antem
703 700 869 778 asperitate
889 701 945 760 bac
965 701 996 760 in
1017 717 1049 760 re
1075 699 1204 778 probata
1223 717 1282 760 non

158 804 256 864 minus
265 819 355 881 qnam
365 803 485 864 decreto
499 803 623 862 militum
639 804 671 862 in
681 802 813 863 fauorem
825 803 904 864 edito
915 803 1124 881 episcoporum
1140 803 1284 864 animosa

157 923 190 966 se
206 907 324 967 auertit.

221 1007 328 1089 ltaque
343 1009 453 1070 iactum
470 1015 527 1082 est,
543 1016 576 1068 ut
591 1005 757 1083 Aribertns,
779 1009 830 1086 qui
845 1009 904 1068 iam
920 1008 1047 1086 primum
1063 1007 1166 1068 audita
1180 1014 1283 1068 contu-

156 1111 246 1172 melia
266 1112 324 1172 sibi
345 1111 430 1172 illata
450 1111 488 1171 de
509 1129 600 1188 „rege
623 1109 761 1171 similiter
778 1111 891 1172 honore
906 1107 1074 1188 prinando“
1090 1101 1284 1188 cogitauerunt,

157 1215 194 1275 ad
211 1207 241 1274 id
257 1213 359 1294 operis
374 1231 433 1273 non
450 1213 545 1274 solnm
561 1219 680 1274 ueteres
691 1213 814 1288 amicos,
829 1211 1044 1274 ntArdericnm
1054 1211 1284 1288 vercellensem,

157 1318 333 1394 episcopum
355 1315 575 1389 Placentinum,
602 1316 660 1376 sibi
682 1315 875 1393 adiungeret,
904 1316 958 1376 sed
980 1315 1050 1377 illos
1076 1335 1207 1396 quoque,
1234 1317 1284 1393 qni

157 1419 242 1480 breui
258 1425 451 1496 anteaquam
466 1421 594 1479 maxime
609 1419 668 1496 ipsi
683 1419 865 1492 restiterant,
880 1417 1090 1479 utHubaldum
1106 1415 1285 1480 Cremonen·

159 1539 231 1583 sem.
266 1521 529 1583 consentientibus
545 1522 636 1598 igitur
649 1521 697 1582 his
713 1528 743 1582 et
756 1521 836 1581 haud
852 1522 915 1583 scio
937 1541 976 1581 au
996 1521 1199 1600 compluribus
1218 1521 1286 1582 aliis

157 1624 263 1688 ltaliae
286 1625 480 1703 optimatibus
489 1620 515 1703 ¹)
549 1622 683 1684 Odonem
706 1624 844 1684 comitem
859 1623 1124 1703 campaniensem,
1142 1624 1284 1701 saeuissi-

158 1747 238 1788 mum
254 1732 288 1788 et
300 1727 542 1806 potentissimum
559 1727 690 1787 omnium
707 1726 837 1788 Conradi
851 1727 999 1799 hostium,
1015 1727 1119 1804 elegit,
1140 1727 1187 1788 cui
1202 1744 1286 1788 coro-

158 1849 228 1890 nam
244 1829 374 1890 otierret.
404 1829 511 1907 Itaque
525 1830 627 1891 missis
643 1831 720 1891 clam
731 1831 769 1890 ad
787 1849 853 1890 enm
867 1829 988 1902 nuntiis,
1002 1831 1081 1890 iuter
1092 1847 1167 1906 quos
1177 1829 1286 1889 Annal.

158 1932 341 1994 Altalronses
368 1931 564 1994 Adalbertum
590 1933 738 2011 quendam
765 1933 941 2010 cognomine
963 1931 1083 1992 Fortem
1109 1949 1287 1993 commemo·

157 2041 242 2110 rant,
262 2053 322 2096 nou
346 2035 443 2096 solnm
467 2037 667 2096 communicat
686 2021 757 2096 eum'
776 2054 826 2109 eo,
853 2035 1002 2113 quomodo
1024 2036 1090 2114 ipse
1112 2037 1143 2096 in
1162 2053 1286 2114 regnum

159 2137 295 2199 italicum
311 2139 514 2200 etRomanum
529 2138 688 2216 imperium
702 2139 948 2214 introduceretur,
964 2138 1018 2199 sed
1035 2137 1123 2199 etiarn
1139 2138 1287 2216 quomodo

162 2239 316 2301 Gouradus
332 2259 399 2302 cum
414 2241 544 2302 exercitu
560 2259 615 2301 sno
629 2235 882 2316 interficeretufl).
1242 2247 1245 2252 '

224 2343 366 2406 Italorum
381 2343 522 2422 legati—
532 2339 844 2418 siGlabroRodullo⁸)
864 2345 893 2403 in
909 2349 1074 2422 temporum
1091 2341 1288 2422 dispositione

161 2445 236 2507 tides
252 2477 293 2488 -
308 2445 406 2508 Odoui
425 2447 622 2508 occurrebant
641 2447 700 2507 iam
716 2453 779 2506 tum
799 2445 1011 2524 Lotharingiae
1037 2446 1112 2510 lines
1138 2447 1287 2524 ingresso.

162 2547 294 2610 Colleeto
314 2551 393 2610 enim
410 2550 605 2627 undecunque
620 2567 784 2628 permagno
800 2551 930 2610 exercitu
945 2550 975 2610 in
990 2549 1161 2612 Tullensem
1176 2569 1289 2629 pagum

160 2651 358 2713 descenderat
372 2653 472 2730 ibique
487 2652 615 2714 obsesso
631 2651 833 2714 Commerceio
848 2651 995 2714 Barreuse
1011 2659 1142 2714 castrum
1157 2657 1289 2732 ceperat,

161 2755 200 2816 ad
215 2755 296 2833 qnod
312 2755 540 2816 custodiendum
555 2755 733 2832 quingentos
756 2755 817 2816 tere
840 2755 950 2816 milites
969 2756 1099 2833 reliquit.
1135 2755 1200 2818 Hoc
1221 2757 1289 2834 ipso

159 2859 305 2937 temporis
320 2863 431 2935 puncto
447 2857 613 2936 legatorum
628 2857 775 2920 aduentus
791 2857 911 2918 domum
927 2877 993 2919 eum
1009 2859 1180 2920 reuocabat.
1210 2855 1289 2934 Quo·
1354 2853 1357 2858 ’

161 2981 226 3023 rum
248 2961 374 3023 consilia
395 2959 523 3021 libenter
544 2961 671 3022 audiens
691 2966 722 3022 et
740 2961 835 3021 hianti
851 2961 1014 3040 cupiditate
1028 2961 1174 3040 arripiens
1188 2967 1290 3022 umen

162 3083 222 3127 non
238 3063 338 3126 statim
353 3065 384 3124 in
400 3061 520 3124 Italiam
537 3083 569 3125 se
585 3064 725 3136 contulit,
748 3064 801 3124 sed
819 3064 903 3142 prius
919 3063 1030 3124 bellum
1054 3063 1290 3142 Lothadngeuse

161 3183 308 3230 renouare
324 3167 447 3228 studuit.
477 3167 560 3228 Haec
575 3165 708 3228 bellandi
728 3169 804 3228 ratio
825 3167 922 3244 primo
947 3173 1072 3246 aspectu
1083 3167 1212 3229 fortasse
1227 3172 1290 3229 stu·

214 3383 236 3448 ¹)
254 3391 337 3438 Annal.
350 3390 427 3438 Altah.
444 3390 579 3448 ,duodecim
596 3387 760 3450 eoepiscopos“
779 3390 942 3436 coniurationis
959 3391 1082 3451 participes
1098 3390 1170 3438 inisse
1185 3393 1289 3446 namaut3

162 3479 244 3536 postea
266 3479 444 3524 commemorant
463 3475 659 3535 „coniurationem
677 3476 837 3536 opiscoporum
859 3481 883 3522 et
901 3475 1008 3523 amatam
1028 3473 1215 3536 Loapoborde‘ae
1231 3475 1289 3536 pn·-

163 3559 280 3618 morm',
291 3575 316 3608 re
333 3561 396 3608 haud
411 3562 513 3610 dublein
522 3563 595 3608 maius
607 3561 676 3608 elau.
693 3562 813 3622 Principes
824 3563 884 3612 enim
899 3561 1022 3618 seculares,
1034 3561 1074 3622 qui
1085 3564 1139 3622 post
1150 3561 1252 3608 Heinriei
1260 3559 1291 3609 ll.

163 3649 259 3692 mortem
278 3645 436 3706 Fraueognllis
456 3646 573 3704 fenerant,
593 3648 639 3694 iam
660 3648 754 3694 mutatis
773 3647 877 3708 parfibus
896 3647 1001 3694 Conrado
1022 3647 1130 3694 uidentur
1149 3645 1291 3696 adhaesisse.

164 3717 237 3778 Aliter
249 3732 398 3779 Giesebrecht
409 3732 438 3778 ll.
451 3733 508 3779 325.

214 3809 237 3874 2)
255 3818 321 3864 Diem
348 3815 437 3874 (natale
463 3818 552 3864 scilicet
568 3819 592 3865 S.
610 3817 715 3874 Martini)
742 3814 845 3864 indicent
865 3817 948 3863 Annal.
965 3815 1054 3874 Altah.;
1081 3831 1129 3864 rem
1157 3818 1292 3864 confirmant

165 3901 250 3949 llerim.
262 3903 409 3962 Frsgmenta:
429 3907 541 3962 ,augusto
557 3906 597 3950 aut
609 3903 688 3962 togato
700 3905 740 3949 aut
751 3901 858 3950 necalo“.

217 3981 239 4045 ²)
256 3988 349 4035 Rednlt.
363 3989 402 4034 lll.
416 3991 439 4043 s,
453 3990 495 4036 SS.
510 3989 559 4034 Vll.
573 3989 613 4035 64.
637 3990 700 4046 Quae
713 3989 742 4034 de
754 3987 834 4034 Odone
846 3991 973 4043 narrantur,
987 3989 1069 4048 partim
1082 4003 1094 4034 e
1108 3989 1210 4036 lontibus
1223 4004 1292 4049 supra

166 4071 198 4132 (p.
208 4075 237 4120 1⁶2
249 4073 310 4134 sqq.)
315 4074 399 4130 allatis,
412 4075 547 4133 quibuscum
555 4076 693 4120 conueniunt
698 4074 781 4120 Annei.
791 4073 940 4120 Hildesheim.
951 4075 1025 4128 1037,
1038 4073 1115 4120 tlltelu.
1125 4073 1197 4131 1008,
1208 4076 1292 4134 partim

165 4161 241 4206 sumta
253 4163 307 4205 suut
318 4173 346 4204 er
359 4161 413 4205 Aru.
428 4159 443 4204 1.
458 4161 501 4213 14;
514 4159 568 4205 Vita
576 4159 685 4205 Richardi
697 4159 748 4204 abb.
762 4159 786 4205 S.
800 4159 877 4204 Vitoni
890 4171 940 4218 cap.
952 4161 980 4204 11
996 4157 1047 4215 (SS.
1058 4159 1096 4204 xl.
1107 4159 1175 4218 280);
1189 4161 1292 4220 lingonis

166 4243 182 4288 F
185 4244 347 4290 luciniacensis
365 4243 448 4289 Obrou.
462 4245 490 4290 ll.
509 4246 540 4289 19
554 4243 607 4300 (SS.
621 4243 683 4289 Vlll.
699 4244 766 4300 sol).
797 4245 900 4289 Breuiter
916 4244 957 4290 luas
976 4259 1011 4291 res
1028 4248 1126 4303 tangunt
1141 4245 1223 4292 Annal.
1235 4245 1290 4292 Leo-

166 4329 269 4385 diouees,
283 4329 426 4376 Elnouenses
438 4329 546 4383 maiores,
561 4329 758 4388 llosomageusos.
771 4329 795 4375 S.
809 4329 924 4375 vincentii
936 4329 1073 4385 Mettenses‚
1086 4343 1144 4390 quos
1157 4345 1235 4378 omnes
1247 4332 1292 4377 iam

165 4418 283 4462 enumerat
295 4413 443 4462 Gieeebreclut
456 4413 483 4460 ll.
497 4415 554 4460 680.

1072 4503 1087 4547 8
