3110 5022
685 196 688 202 ’
759 249 802 316 u

216 469 337 524 cunctas
365 462 567 540 querimonias
595 461 633 520 ad
655 461 869 520 incrementum
891 459 1066 521 monasterii
1086 458 1222 535 legaliter
1242 458 1338 518 deter-

215 567 339 628 minauit
359 573 389 626 ot
409 565 510 628 ablata
531 563 675 640 ecclesiae
696 563 836 624 restituit.
874 563 977 640 Neque
994 562 1085 621 aliter
1107 561 1136 620 in
1163 561 1338 622 relicuarum

203 670 406 730 *eeclesiarum
423 667 511 728 rebus
531 665 705 726 ordinandis
727 683 794 726 eum
814 670 964 726 uersatum
987 683 1065 738 esse,
1081 682 1116 726 ex
1130 664 1265 734 chartae,
1281 680 1340 740 qua

214 772 372 832 haedere
388 770 578 843 instituimur,
594 773 698 830 tenore
714 764 881 848 coniciasl).

278 873 394 934 Similia
415 871 546 932 Heinrici
562 870 600 932 ΙΙ.
624 875 710 947 gesta
730 889 757 930 a.
778 873 867 930 1014.
890 869 992 948 quanti
1008 869 1150 928 momenti
1171 868 1281 929 tuerint
1298 867 1340 928 ad

216 975 401 1038 excitandam
418 980 448 1034 et
463 973 632 1051 principum
649 979 678 1032 et
694 973 892 1034 uassallorum
909 973 1055 1032 minorum
1072 971 1264 1042 seditionem,
1284 989 1339 1032 suo

215 1081 281 1145 loco
298 1069 608 1154 demonstrauimustl.

281 1181 410 1242 Grauem
427 1179 593 1240 sacerdotis
609 1177 793 1240 dominatum
810 1195 879 1237 unm
894 1177 954 1238 iam
968 1177 1065 1238 ferent
1079 1174 1209 1236 milites?

749 1448 805 1510 nr.

479 1570 529 1630 nn
553 1567 839 1650 varvassorum
862 1567 1081 1630 summoue.
1134 1549 1141 1553 ’

281 1692 325 1750 Ex
340 1709 398 1768 quo
416 1691 543 1769 primum
567 1690 705 1769 episcopi
720 1689 751 1750 in
766 1690 890 1752 urbibus
907 1690 971 1750 suis
986 1695 1017 1750 et
1032 1695 1139 1768 postea
1160 1690 1208 1754 uel
1221 1691 1253 1750 in
1270 1691 1342 1750 totis

215 1794 405 1854 comitatibus
429 1785 550 1870 publica
565 1794 630 1854 iura
649 1793 753 1870 adepti
769 1799 868 1866 erant,
890 1781 1013 1871 saepius
1029 1793 1106 1854 inter
1121 1793 1207 1871 ipsos
1223 1801 1254 1854 ct
1269 1794 1341 1854 sub-

215 1898 309 1958 iectos
325 1896 487 1956 certamina
502 1900 604 1956 exorta
619 1913 702 1966 esse,
723 1895 772 1956 uel
788 1913 804 1954 e
819 1895 988 1956 traditionis
1010 1895 1185 1972 fragmentis
1201 1902 1339 1974 apparet.

215 2000 264 2060 Sic
279 1999 338 2058 iam
354 2003 500 2076 regnante
516 1997 685 2072 Lamberto‚
700 1998 729 2059 h.
747 2017 773 2058 e.
790 1998 870 2058 circa
884 1997 974 2057 finem
990 1997 1083 2058 seculi
1099 1999 1169 2058 noni
1184 1998 1343 2060 Ammulus

216 2104 379 2182 episcopus
402 2100 595 2161 Taurinensis
618 2119 636 2161 a
659 2100 775 2162 ciuibus
799 2101 863 2162 suis
887 2100 1062 2160 exturbatus
1084 2106 1146 2162 tres
1170 2119 1224 2180 per
1246 2119 1341 2162 annos

215 2205 329 2282 absque
353 2202 519 2282 episcopali
539 2202 681 2262 cathedra
701 2197 889 2282 deguerat³);
928 2202 972 2264 sic
998 2204 1151 2280 octoginta
1170 2204 1232 2265 lere
1255 2204 1342 2264 annis

214 2313 286 2385 post
300 2308 331 2366 in
346 2307 414 2383 ipsa
428 2307 501 2366 urbe
524 2305 694 2368 Mediolano
716 2305 823 2367 similis
847 2305 953 2366 seditio
975 2312 1164 2392 prouenerat.
1196 2305 1253 2366 Vbi
1274 2323 1341 2366 cum

214 2410 379 2470 Landullus
400 2408 648 2488 archiepiscopus
669 2413 794 2486 propter
814 2409 936 2468 nimiam
952 2407 1047 2486 patris
1068 2427 1104 2468 ac
1119 2408 1242 2468 fratrum
1257 2407 1340 2468 inso-

163 2547 165 2552 ·
214 2514 336 2574 lentiam
356 2511 465 2572 ciuium
486 2512 602 2572 animos
624 2515 727 2578 contra
743 2529 776 2575 se
792 2511 963 2584 excitasset,
979 2510 1023 2570 illi
1038 2511 1070 2570 in
1087 2529 1177 2571 nuum
1192 2510 1340 2572 coniurati

214 2609 374 2678 commisso
389 2615 419 2674 in
436 2615 508 2675 urbe
524 2613 639 2692 proelio
656 2613 897 2686 enmeiecerant.

278 2719 351 2778 Tam
373 2717 471 2778 dubiis
493 2716 730 2795 periculosisque
752 2714 939 2794 temporibus
956 2715 1029 2776 nihil
1045 2715 1107 2778 tere
1123 2715 1276 2794 episcopis
1291 2734 1341 2776 re·
1434 2707 1440 2716 ’

214 2820 414 2898 linquebatur‚
431 2819 488 2880 nisi
504 2825 538 2878 nt
553 2818 701 2896 dispersis
714 2818 907 2878 ecclesiarum
922 2817 1114 2878 facoltatibus
1127 2824 1157 2878 et
1168 2818 1340 2880 clericorum

214 2923 367 2984 beneficiis
383 2921 465 2982 uiros
481 2921 711 3000 potentissimos
728 2921 785 2980 sibi
801 2915 1047 2995 adiungerent⁴l‚
1068 2920 1118 2996 qui
1140 2937 1208 2980 mon
1222 2921 1341 2982 heredi·

213 3026 282 3084 tatii
296 3025 451 3084 feudorum
467 3041 663 3102 possessores
679 3023 750 3084 lacti
766 3023 821 3083 sub
834 3024 1057 3102 capitaneorum
1074 3025 1194 3084 nomino
1212 3024 1341 3101 primum

213 3130 291 3206 inter
305 3127 456 3188 uassallos
472 3127 570 3187 locum
586 3127 771 3188 obtinebant.
803 3125 914 3190 Contra
928 3128 1035 3190 horum
1051 3126 1210 3198 uassallos,
1234 3127 1293 3200 uel,
1309 3135 1342 3188 nt

213 3232 272 3290 iam
287 3232 408 3292 incunte
425 3228 526 3290 seculo
542 3228 699 3288 undecimo
715 3228 786 3288 dicti
803 3235 881 3304 sunt,
898 3229 1008 3290 milites
1021 3229 1170 3292 secundos
1187 3223 1264 3308 (sine
1276 3230 1341 3290 ual-

213 3331 369 3411 uassores)
391 3331 513 3392 minime
537 3330 696 3404 curabant,
712 3348 768 3392 nee
783 3337 867 3392 certa
880 3331 916 3392 de
932 3331 1098 3394 hereditate
1114 3331 1261 3394 minorum
1278 3333 1340 3392 leu-

264 3515 285 3578 ¹)
303 3520 386 3566 Exstat
397 3534 432 3580 ap.
446 3518 554 3566 Puricelli
566 3532 589 3578 p.
603 3519 651 3564 362
665 3532 716 3578 sqq.

265 3597 287 3663 2)
306 3606 345 3652 In:
371 3604 514 3654 Jahrbhcher
527 3605 567 3652 des
579 3603 713 3652 Deutschen
724 3603 808 3652 Reiehs
820 3607 887 3651 nnter
898 3604 1007 3652 Heinrich
1016 3605 1044 3652 ll.
1057 3609 1111 3652 tom.
1122 3605 1151 3652 ll.
1162 3620 1186 3667 p.
1196 3607 1245 3653 418
1255 3619 1306 3668 sqq.

264 3684 286 3748 3)
306 3691 390 3738 chron.
403 3690 576 3746 Nonolicicnse‚
589 3690 711 3750 Appendix
724 3703 773 3750 cap.
788 3691 827 3746 te,
842 3689 884 3737 SS.
897 3690 948 3738 Vll.
963 3692 1018 3738 127.

264 3769 285 3834 ⁴)
303 3776 353 3824 Hoc
365 3775 499 3822 ahandullo
512 3775 598 3822 tactum
610 3789 668 3831 esse,
681 3777 780 3822 testatur
790 3776 845 3822 drn.
856 3776 873 3822 1.
887 3778 930 3834 103
944 3775 985 3824 cfr.
997 3775 1240 3836 Bothum-Hellen
1250 3791 1274 3838 p.
1284 3778 1339 3824 139.

213 3862 302 3908 Similia
318 3861 388 3908 simili
403 3862 534 3908 conditione
551 3862 620 3908 etiem
636 3862 660 3908 in
675 3862 795 3908 Germania
812 3865 940 3908 oecumunt.
973 3863 1011 3908 Sic
1027 3862 1051 3908 in
1069 3863 1192 3908 certamine
1211 3863 1340 3910 Treuirensi

213 3961 233 3992 a.
248 3949 321 3994 1008.
342 3947 508 4006 Megingsudus
521 3947 718 4008 archiepiscopus,
737 3951 763 3994 ut
780 3951 859 3994 contra
869 3948 1036 3996 Adalheronem
1054 3948 1184 3994 inuaserem
1195 3949 1281 3996 auxilie
1296 3949 1340 4014 sihi

212 4035 310 4092 peraret,
324 4033 364 4078 80.
377 4047 468 4079 mansos
480 4033 508 4078 de
520 4033 587 4078 rebus
598 4033 622 4080 S.
634 4033 724 4078 Martini
739 4033 828 4080 duobus
841 4033 924 4080 ualidis
936 4034 1047 4080 militibus
1059 4033 1166 4091 tradidit3
1183 4035 1217 4081 sic
1233 4051 1254 4082 ι.
1266 4036 1338 4082 1009.

213 4117 369 4164 Theodericus
387 4119 457 4177 episc.
476 4118 607 4174 hettonem,
632 4121 658 4164 nt
674 4120 805 4178 imperatori
821 4120 948 4176 resisteret,
966 4119 1113 4166 ecelesiarum
1129 4119 1190 4166 bona
1207 4119 1339 4180 potentibus

212 4203 267 4248 uiris
284 4203 407 4250 distribuit.
437 4202 749 4264 commansionem.
769 4207 813 4262 30,
837 4205 878 4251 SS.
898 4204 958 4250 v111.
978 4207 1039 4262 111;
1058 4206 1127 4252 Gesta
1143 4205 1213 4264 episc.
1232 4205 1338 4252 Mettens.

212 4300 262 4347 cap.
275 4289 316 4343 48,
330 4288 372 4334 SS.
385 4288 412 4334 Χ.
426 4289 483 4336 543.
513 4289 581 4336 Plura
598 4289 626 4336 de
639 4289 675 4336 his
687 4290 791 4336 inuenies
807 4291 869 4350 spud
881 4289 975 4348 hirson,
994 4289 1137 4338 Jahrbbcher
1153 4289 1194 4336 des
1205 4289 1339 4338 Dentschen

212 4371 296 4420 Reiehs
308 4377 374 4420 untor
386 4373 494 4422 Heinrich
507 4375 544 4431 ll.,
556 4378 611 4422 tom.
625 4375 653 4421 ll.
667 4376 716 4422 tot
728 4390 751 4422 n.
768 4377 794 4432 1;
808 4376 856 4422 283
870 4390 892 4422 n.
907 4377 930 4424 8.
