3110 5022
686 254 688 259 ’
770 239 810 302 16

220 446 351 510 Conradi
374 454 404 508 et
427 447 579 510 Heinricii
609 447 642 508 Si
662 447 693 508 id
714 448 862 526 accipias,
886 447 975 507 etiem
992 424 1155 509 similitudo
1170 446 1238 520 illa,
1259 463 1348 526 quam

220 551 428 622 indicauimus,
452 568 518 611 curn
536 550 662 630 Wipone
677 555 709 611 et
723 550 831 610 Annal.
848 548 907 610 San
924 548 1002 612 Gall.
1019 551 1089 612 mai.
1105 581 1146 594 —
1169 567 1245 628 quos
1261 549 1347 610 Heri-

220 671 347 716 mannus
362 651 474 730 optime
490 658 615 714 nouerat
631 685 668 694 -
687 652 830 713 facillima
845 658 892 713 est
906 653 1068 726 intellectu,
1085 671 1144 732 qua
1158 653 1188 712 in
1203 671 1237 712 re
1253 669 1344 730 qnae·

226 755 355 817 ctionem
370 775 389 816 a
403 755 519 817 Pertzio
535 761 661 829 motem,
677 773 747 815 num
764 755 877 824 Herim,
892 755 1014 817 schedis
1029 775 1048 816 a
1065 756 1188 834 Wipcne
1203 755 1242 815 ed
1258 754 1348 815 Hein-

225 859 280 918 rici
295 858 349 920 111.
371 858 526 919 historiam
550 857 787 937 componendam
809 858 942 918 collectis
962 858 993 918 in
1009 855 1111 920 Gestis
1132 857 1192 918 illis
1213 875 1287 918 usus
1310 858 1350 917 sit

221 969 343 1038 tangere
359 963 438 1021 nolo.
469 961 503 1021 Id
519 978 608 1021 unum
624 961 735 1032 adicio,
752 961 859 1020 Annei.
877 959 1075 1021 Hildesheim.
1091 960 1254 1034 auctiores,
1271 977 1347 1038 qnos

222 1065 391 1137 statuimus,
409 1065 434 1124 si
446 1082 479 1124 re
490 1082 563 1125 uera
574 1063 747 1124 Herimenni
759 1061 853 1123 Gesta
865 1063 959 1124 secuti
972 1069 1050 1138 sunt,
1067 1065 1115 1124 uix
1130 1068 1200 1124 ante
1211 1081 1239 1122 a.
1253 1057 1347 1122 1050.

224 1166 329 1228 confici
345 1167 492 1245 potuisse,
508 1167 538 1226 id
555 1167 633 1245 qnod
652 1183 804 1244 supreme
820 1165 1091 1226 demonstraturum
1108 1166 1247 1244 promisi

761 1458 804 1519 ΙΙ.
896 1495 897 1498 =

276 1611 327 1672 DE
350 1611 548 1676 ARIBDRTO
571 1609 884 1674 ARCHIDPISOOPO
908 1607 1037 1686 VSQUE
1061 1611 1114 1700 AD
1138 1613 1173 1674 Α.
1202 1611 1292 1672 1030.

285 1765 398 1828 llortuo
415 1769 444 1828 5.
460 1767 526 1828 Kal.
543 1766 666 1828 Martias
680 1786 708 1827 a.
729 1769 818 1828 1018.
835 1765 961 1830 Arnulfo
978 1764 1017 1826 11.
1040 1765 1269 1846 archiepiscopo
1285 1765 1346 1826 hle·

219 1864 417 1949 diolanensi1)
451 1869 610 1946 „consultu
636 1871 783 1931 maiorum
812 1869 943 1930 ciuitatis
968 1886 1004 1928 ec
1030 1867 1108 1930 dono
1134 1868 1345 1948 imperatoriae

218 1969 398 2049 potestatis“
416 1972 564 2034 successit
580 1973 752 2044 hribcrtus,
768 1972 819 2050 qui
835 1971 927 2033 nobili
944 1970 1208 2048 Langobardorum
1225 1989 1345 2048 genere,

217 2073 395 2136 hauddubie
405 2075 482 2138 inter
491 2067 1344 2153 capitaneosnoninterumsahosminoresrecensendd),

218 2177 381 2238 hntimiani
395 2172 522 2254 natus?),
536 2183 644 2256 postea
655 2177 733 2238 inter
746 2177 892 2238 ecclesiae
901 2175 1134 2240 Mediolanensis
1143 2177 1345 2259 subdiaconos

217 2274 388 2358 receptus⁴)
410 2284 512 2340 custos
532 2279 645 2358 templo
666 2278 697 2342 S.
713 2279 861 2342 Vincentii
882 2279 964 2359 apud
980 2277 1150 2340 Gallianum
1165 2279 1344 2357 praefuerat,

218 2397 276 2459 quo
292 2401 318 2442 a.
336 2384 426 2443 1007.
437 2381 468 2444 S.
478 2381 627 2442 Adeodati
643 2400 753 2461 eorpus
769 2382 929 2444 transtrlit.
954 2380 1018 2442 lam
1034 2367 1107 2456 tum,
1122 2382 1213 2444 rebus
1229 2381 1343 2442 Italicis

188 2478 189 2482 ’
217 2484 305 2545 ualde
316 2484 510 2562 perturbatis,
526 2483 660 2546 Heinrici
670 2485 751 2561 regis
768 2484 905 2562 partibus
920 2484 1039 2547 uidetur
1060 2483 1199 2546 addictus
1215 2479 1342 2559 inisee⁶),

216 2604 312 2664 neque
325 2592 433 2665 postea
443 2588 574 2648 animum
587 2603 659 2668 erga
671 2603 738 2646 eum
751 2587 887 2647 mumuit.
911 2587 975 2646 Imo
989 2587 1235 2666 archiepiscopus
1247 2587 1342 2648 lactus

216 2689 355 2750 omnihus
371 2690 541 2768 principum
557 2689 715 2766 colloquiis
730 2689 769 2750 ab
789 2689 972 2768 imperatore
988 2683 1036 2750 uel
1049 2689 1194 2752 institutis
1210 2689 1259 2752 uel
1273 2707 1341 2768 pro-

215 2791 295 2854 batis
310 2792 409 2852 affuit:
434 2793 593 2854 concentui
608 2791 840 2869 strasburgensi
854 2810 882 2852 a
903 2793 1004 2866 1019,
1027 2809 1154 2870 magnae
1170 2793 1270 2854 curiae
1285 2791 1343 2854 Ve-

216 2895 338 2957 ronensi
354 2914 381 2956 a
401 2889 503 2972 1011,Υ
519 2882 646 2972 magnae
662 2895 779 2973 synodo
795 2894 948 2973 Papiensi.
975 2893 1054 2970 Quin
1069 2896 1160 2956 etiam
1175 2901 1247 2974 post
1261 2895 1344 2956 illins

266 3077 286 3141 1)
304 3084 341 3132 sd
350 3098 383 3140 ea,
399 3097 457 3146 quse
468 3083 498 3130 de
513 3083 589 3130 ohilns
605 3083 643 3131 dis
652 3083 769 3144 congessit
779 3082 865 3130 Ginlini
874 3083 915 3130 111.
927 3085 975 3132 113
985 3097 1036 3145 sqq.
1047 3084 1120 3131 addes
1130 3083 1220 3130 Necrol.
1228 3083 1343 3130 Weissen-

213 3169 326 3229 hurgenso
343 3169 380 3216 in:
403 3169 487 3216 Archiv
505 3169 545 3216 des
562 3168 716 3218 historischen
732 3167 829 3216 Vereins
850 3184 895 3216 von
910 3169 1079 3216 Unteriranheu
1099 3167 1146 3216 und
1162 3169 1344 3228 Aschsffsnhurg

213 3253 275 3302 ¹111.
288 3257 311 3302 e.
325 3256 348 3302 6.

265 3332 286 3396 ²)
304 3339 340 3387 lte
361 3341 445 3387 conicit
465 3339 625 3394 Glosehrecht,
649 3340 775 3387 lleiserseit
790 3339 819 3386 11.
837 3341 895 3386 318.
923 3341 1007 3388 Nostrs
1023 3341 1101 3401 opinio
1118 3341 1199 3388 nititur
1216 3342 1261 3396 sit,
1284 3355 1342 3402 qnss

213 3426 268 3472 Arn.
281 3425 322 3471 lll.
335 3427 350 3470 2
368 3425 397 3471 de
409 3425 507 3472 Widoue
519 3425 619 3472 driherti
638 3437 770 3474 successore
782 3424 881 3485 profert:
901 3425 1037 3483 ,heinricus
1050 3461 1055 3471 .
1070 3459 1075 3472 .
1090 3460 1096 3472 .
1109 3427 1214 3486 neglecto
1230 3426 1303 3474 nobili
1315 3439 1343 3478 sc

213 3511 312 3572 sepienti
320 3511 388 3572 primi
400 3511 487 3558 ordinis
499 3510 561 3558 claro
569 3511 665 3558 idiotam
676 3514 700 3558 ot
711 3525 725 3558 s
736 3524 788 3558 rnre
798 3511 929 3558 venientem
941 3510 1010 3572 elegit
1019 3509 1169 3568 enthtitem‘,
1183 3526 1196 3558 e
1208 3511 1291 3572 quihus
1303 3525 1342 3572 sp·

213 3598 289 3656 peret,
303 3598 370 3642 antes
382 3610 467 3642 morem
479 3595 550 3644 luisse
561 3596 662 3656 eligendi
672 3586 794 3658 pontifices
807 3610 819 3642 e
831 3594 954 3642 nobilibus.
979 3596 1116 3644 Ducentem
1129 3611 1186 3644 uoce
1204 3597 1267 3644 solos
1281 3597 1342 3658 cepi·

212 3685 292 3728 tunsos
309 3681 419 3728 Arnulins
436 3682 622 3742 comprehendit,
643 3681 668 3728 id
684 3681 747 3742 quod
768 3681 873 3742 pluribus
891 3682 970 3729 docuit
982 3680 1134 3730 Wsttenhnch
1156 3683 1180 3729 in
1201 3681 1341 3743 praelatione

214 3763 266 3823 (SS.
279 3765 341 3813 v111.
355 3765 388 3824 1).

262 3844 284 3910 ³)
302 3851 412 3900 Persntes
429 3853 478 3900 eine
494 3852 587 3900 inerunt
609 3854 773 3914 Gsrierdusnet
789 3853 905 3900 Berlinds.
929 3855 991 3902 litec
1004 3855 1080 3902 omnis
1096 3854 1146 3914 ipse
1164 3855 1255 3915 ssepius
1270 3855 1295 3901 in
1308 3854 1341 3900 di-

211 3937 320 3997 plcmntis
329 3939 428 3984 teststm
441 3939 483 3994 est,
496 3940 523 3985 nt
533 3938 560 3986 ln
567 3940 706 3986 testamento
718 3953 754 3999 sp.
766 3939 874 3988 Puricclli
885 3953 908 3999 p.
923 3940 979 3986 371.
991 3963 1021 3974 -
1032 3940 1187 3988 Antimisnnrn
1196 3942 1272 3986 snum
1283 3938 1342 3986 nihil

211 4021 336 4070 aliudesse
346 4023 391 4070 nisi
403 4021 547 4080 ,1ntinnisui¹‘
555 4025 663 4072 territorii
668 4023 856 4080 Mediolanum,
867 4027 947 4070 centn
956 4024 1056 4072 Tettium
1066 4025 1136 4072 euicit
1144 4023 1276 4072 (liulinilll.
1283 4025 1340 4072 881.

261 4101 284 4165 ⁴)
302 4107 365 4166 Quae
378 4108 476 4156 Thietm.
486 4108 549 4156 Vlll.
562 4109 577 4156 t
590 4109 618 4156 ds
635 4111 684 4157 sius
701 4109 861 4170 prsspositnrs
876 4111 965 4165 narrst,
980 4123 1031 4156 cum
1040 4109 1218 4158 hlediolsnsnsis
1230 4109 1341 4156 ecelesiae

211 4194 324 4241 institutis
336 4193 399 4242 illius
411 4195 462 4242 toul
474 4208 521 4241 non
533 4196 668 4251 conuenire,
682 4195 844 4243 snimsdnertit
855 4194 941 4243 Ginlini
952 4208 976 4255 p.
990 4195 1046 4242 141.
1344 4249 1346 4255 Α

263 4273 284 4338 ⁵)
303 4280 330 4327 ld
346 4279 399 4327 inde
416 4279 554 4336 concludes,
571 4281 634 4343 qnod
651 4282 834 4342 inscriptionem,
852 4293 921 4341 quens
932 4284 980 4327 tntu
992 4281 1041 4327 lieri
1054 4281 1154 4336 curauit,
1172 4280 1281 4335 Heinrlci,
1294 4293 1341 4326 non

211 4366 309 4414 Ardulnl
319 4367 411 4414 nomine
423 4366 549 4426 inslqnlull.
573 4365 838 4427 susceceperunt
850 4365 944 4413 11106.
1043 4403 1046 4410 .
