3110 5022
781 217 801 278 6

692 303 890 312 ..-.-..-.-—--—·

290 424 400 486 Omnes
415 429 530 498 tamen,
547 429 579 483 ut
595 424 737 485 librorum
753 425 829 484 ratio
847 424 1001 502 poscebat,
1018 425 1104 500 quasi
1125 429 1351 502 praetereuntes

226 529 263 588 de
298 527 346 587 his
381 527 471 606 rebus
509 531 650 603 egerunt,
681 544 776 604 neque
809 527 958 604 quomodo
998 527 1162 587 seditiones
1196 526 1265 586 illae
1303 527 1351 586 uel

226 630 303 690 inter
319 647 351 690 se
373 630 554 689 cohaereant
573 629 749 706 quaestione
771 630 845 690 satis
861 634 998 690 accurate
1014 630 1160 702 instituta,
1177 647 1273 706 neque
1290 629 1351 689 sin·

227 732 307 810 gulis
323 733 413 792 rebus
430 750 495 792 cum
512 731 682 810 puluisculo
699 732 867 806 exhaustis,
891 732 922 792 id
943 732 1022 809 quod
1043 750 1140 810 nuper
1156 731 1352 792 Giesebrecht

226 835 274 896 uel
290 834 384 895 libere
401 835 558 912 professus
574 839 629 896 est.
664 824 769 912 Itaque
784 841 880 896 ratum
896 835 959 896 iore
975 834 1095 912 putaui,
1118 835 1144 894 si
1166 834 1263 894 denuo
1278 833 1353 894 haec

200 939 296 1018 *ipsa
306 955 355 1000 res
372 938 409 998 ad
422 942 524 1019 partes
539 942 705 1024 uocaretur.
729 938 815 998 Ratio
832 942 930 998 autem
947 937 1042 998 libelli
1057 937 1132 998 haec
1143 937 1208 1010 luit,
1224 941 1258 996 ut
1269 941 1351 1015 post·

222 1040 336 1119 positis
358 1041 417 1116 eis,
444 1057 520 1117 quae
543 1039 601 1099 iam
624 1059 643 1100 a
663 1040 764 1100 Julino
787 1041 862 1102 bene
889 1041 1025 1118 exposita
1046 1045 1144 1115 erant,
1168 1055 1352 1117 quorumque

227 1161 372 1205 summam
397 1145 426 1204 in
448 1142 577 1218 regestis
601 1143 729 1216 subieci,
752 1143 889 1220 neglecta
909 1143 999 1204 etiam
1022 1147 1163 1202 accurata
1186 1141 1224 1202 de
1247 1140 1352 1220 primis

229 1246 358 1308 conradi
384 1245 424 1305 II.
461 1246 493 1306 in
521 1245 612 1320 Italia
647 1246 837 1306 successibus
874 1246 1101 1317 dissertatione,
1138 1263 1226 1322 quam
1262 1243 1352 1322 paulo

228 1353 299 1426 post
319 1348 379 1408 alio
394 1349 460 1410 loco
476 1366 523 1410 me
540 1349 688 1408 editurum
711 1365 815 1426 spero,
836 1348 1004 1424 generalem
1026 1347 1174 1427 imprimis
1196 1364 1352 1410 causarum

228 1469 372 1512 conexum
389 1451 577 1512 ostenderem
599 1451 843 1530 euinceremque‚
863 1468 922 1512 nou
939 1468 1011 1512 casu
1027 1467 1122 1530 neque
1138 1450 1275 1522 fortuito,
1298 1447 1350 1509 sed

226 1555 408 1618 necessitate
431 1554 560 1630 quadam
582 1554 657 1616 duas
677 1553 746 1614 illas
767 1553 932 1614 seditiones
959 1571 1027 1615 esse
1050 1557 1184 1624 exortas,
1207 1551 1238 1611 id
1261 1571 1351 1611 unum

226 1641 358 1718 Ariherti
373 1656 492 1733 ingenio
508 1656 712 1732 tribuendum,
734 1656 814 1734 quod
829 1657 898 1736 ipsa
912 1657 994 1718 illius
1010 1660 1118 1728 aetate,
1135 1655 1273 1734 quodque
1289 1659 1350 1715 tam

228 1761 420 1822 uehementer
434 1760 635 1837 prouenerint.

292 1863 470 1940 Priusquam
486 1879 557 1922 uero
580 1862 664 1922 adid
680 1861 781 1941 operis
797 1861 948 1938 accedam,
969 1861 1073 1940 paucis
1088 1861 1160 1922 mihi
1176 1859 1233 1921 erit
1246 1859 1351 1938 dispu-

228 1965 351 2030 tandum
368 1965 406 2026 de
421 1965 563 2040 fontibus,
581 1965 688 2043 quibus
703 1965 733 2026 in
750 1965 956 2034 concinnando
973 1964 1074 2026 libello
1090 1982 1164 2026 usus
1180 1979 1256 2026 sum.

806 2323 830 2384 1.

654 2478 706 2540 DE
729 2477 932 2542 FONTIBVS.

292 2630 471 2691 Vniuersum
501 2631 679 2710 opusculum
709 2633 795 2710 quasi
822 2631 1015 2692 fundamento
1043 2637 1279 2710 superstructum
1308 2640 1355 2693 est

229 2733 402 2812 diplomatis
418 2751 435 2794 e
450 2733 542 2794 uariis
554 2733 640 2796 libris
653 2733 812 2814 excerptis,
825 2753 948 2813 quorum
961 2739 1082 2812 regesta
1093 2735 1201 2814 partim
1215 2735 1353 2796 dabimus

229 2836 260 2896 in
276 2835 454 2915 appendice,
471 2837 579 2915 partim
595 2838 625 2897 in
640 2838 737 2916 ipsius
754 2837 1011 2898 commentationis
1026 2841 1116 2898 textu.
1141 2838 1240 2914 Atque
1255 2837 1354 2898 fausta

228 2939 357 3016 quadam
378 2939 497 3000 fortuna
513 2939 651 3018 contigit,
675 2946 707 3000 ut
728 2959 763 3000 ex
776 2940 825 3000 his
841 2941 951 3000 chartis
973 2959 1031 3000 non
1048 2936 1143 3000 solum
1166 2921 1352 3014 donationes,

228 3041 349 3120 placita,
360 3043 515 3118 generales
529 3043 656 3122 denique
668 3043 753 3120 reg'ni
764 3043 860 3103 Italici
873 3043 953 3104 illius
966 3044 1032 3104 aeui
1044 3049 1140 3103 status
1152 3041 1352 3104 conditiones·

228 3162 286 3223 que
306 3151 540 3223 cognoscantur,
565 3131 616 3206 sed
634 3147 722 3206 etiam
738 3165 796 3206 uon
813 3165 880 3207 raro
897 3146 1080 3224 singulorum
1097 3145 1242 3206 factorum
1258 3145 1352 3205 series

228 3249 260 3308 in
269 3248 312 3308 eis
322 3247 494 3328 explicetur,
503 3248 587 3308 itaut
598 3249 734 3310 diuersae
747 3250 934 3330 scriptorum,
945 3267 1021 3328 quae
1029 3248 1066 3308 ad
1076 3265 1131 3312 nos
1142 3252 1351 3326 peruenerunt,

228 3350 414 3412 narrationes
431 3368 466 3410 ex
482 3350 526 3412 eis
542 3351 654 3430 optime
671 3353 817 3430 perpendi
832 3352 961 3432 possint.

291 3453 375 3514 Inter
389 3453 586 3529 grauissimos
602 3472 710 3526 rerum,
733 3455 770 3515 de
786 3455 894 3532 quibus
910 3453 1004 3514 acturi
1021 3471 1134 3528 sumus,
1150 3458 1244 3514 testes
1260 3453 1350 3529 uulgo

228 3561 422 3616 numerantur
441 3557 556 3634 antiqui
577 3557 720 3618 historiae
737 3557 969 3618 Mediolanensis
992 3557 1155 3635 scriptores
1170 3555 1351 3616 Aruullus

228 3663 258 3718 et
278 3657 484 3718 Landullus
507 3655 675 3737 senior¹).

293 3760 424 3838 Vterque
447 3761 627 3822 seditionum
652 3762 779 3838 illarum,
801 3780 877 3842 qnae
894 3759 1032 3840 Gregorii
1048 3759 1114 3822 VII.
1131 3761 1317 3842 temporibus
1333 3780 1352 3820 a

227 3864 379 3941 patarenis
390 3863 547 3924 hlediolani
560 3866 703 3925 excitatae
716 3871 794 3941 sunt,
807 3864 953 3943 aequalis,
966 3863 1131 3926 Landullus
1142 3870 1241 3924 tamen
1253 3863 1352 3926 minor

279 4063 300 4128 1)
322 4071 505 4130 Disputeuorunt
521 4072 550 4117 de
571 4072 604 4117 eis
621 4069 693 4130 Hegel
708 4071 743 4116 in:
762 4069 899 4116 Geschichte
916 4069 957 4116 dor
974 4069 1191 4128 Stddteverlssmng
1207 4083 1252 4116 von
1269 4067 1351 4116 ltaliou

227 4156 256 4202 ll.
272 4156 331 4213 1413
349 4156 477 4219 Bethmurrn
494 4159 517 4202 et
529 4155 694 4211 wattenbach,
712 4156 773 4202 hlon.
787 4156 830 4202 SS.
844 4155 905 4202 Vlll.
921 4159 1003 4202 l-ll.
1017 4157 1087 4202 32-
1096 4155 1140 4212 um
1162 4153 1315 4202 wattenbach
1326 4155 1351 4201 iu

226 4241 297 4288 libro:
314 4229 486 4288 Dentschlsnds
500 4240 729 4302 Geschichtsquellerr
743 4243 774 4288 im
786 4241 920 4288 lllittclsltcr
931 4241 1029 4302 pilii&
1046 4239 1083 4287 W.
1096 4239 1244 4288 Glesehrecht
1255 4242 1291 4288 iu:
1308 4241 1350 4287 Ge·

227 4325 330 4374 schichte
343 4327 384 4374 der
395 4326 521 4374 deutschen
533 4326 658 4374 llsiserzeit
669 4327 697 4373 ll.
712 4327 768 4374 573.
