3110 5022
749 253 787 315 17

664 339 866 350 *nn-—

203 471 329 526 mortem
345 463 466 543 pietatis
480 465 704 524 monumentum
720 463 747 522 ei
763 462 880 540 posuit,
904 459 1074 520 constitutis
1095 458 1125 518 in
1146 461 1326 518 testamento
1392 469 1396 476 ·

202 587 230 629 a.
251 571 340 628 1034.
358 566 444 626 bonis
461 565 657 644 quibusdam,
677 577 839 642 equorum
858 563 1004 623 reditibus
1025 561 1123 622 clerus
1145 566 1174 620 et
1189 559 1327 620 monachi

205 669 332 746 singulis
352 668 440 728 annis
462 687 515 745 pro
538 669 656 743 „bonae
675 667 836 729 memoriae
860 665 973 726 domini
996 663 1116 724 Henrici
1136 663 1328 742 imperatoris

204 767 361 832 mercede“
378 771 453 830 duos
469 771 605 848 psalmos
622 775 652 830 et
667 769 783 829 cantica
798 773 938 828 canerent
946 763 979 842 ¹).

239 903 241 908 ·
267 872 411 949 Quamuis
432 873 523 950 igitur
542 873 602 932 iam
618 873 688 932 uiuo
703 869 842 932 Heinrico
858 870 960 947 magni
974 871 1005 929 in
1020 871 1111 930 rebus
1127 868 1232 929 ltaliae
1248 868 1327 928 ordi·

202 977 312 1038 nandis
328 975 469 1036 momenti
482 975 653 1036 Aribertum
668 974 761 1034 luisse
776 973 856 1034 haud
872 973 1018 1034 immerito
1032 971 1173 1042 conicite,
1189 971 1326 1031 eximium

203 1087 305 1139 tamen
316 1078 481 1138 industriae
497 1083 527 1137 et
542 1077 655 1154 gloriae
671 1093 810 1154 campum
826 1075 944 1136 demum
958 1074 1096 1137 defuncto
1109 1091 1144 1134 eo
1157 1079 1261 1134 nactus
1274 1078 1327 1136 est.

204 1183 278 1241 Tum
295 1182 382 1255 enim,
406 1199 472 1242 cum
488 1181 583 1241 altera
597 1179 749 1246 Italorum¹
759 1195 829 1256 pars
845 1183 875 1238 et
889 1177 1066 1255 praesertim
1082 1195 1140 1237 non
1157 1177 1231 1236 nulli
1246 1177 1327 1254 prin·

204 1286 285 1361 cipes
324 1283 474 1344 seculares
504 1283 632 1362 primum
660 1281 698 1340 ad
722 1277 884 1341 liebertum
910 1279 1054 1339 Francius
1076 1297 1192 1356 regem,
1221 1280 1328 1340 deinde

203 1387 242 1446 ad
259 1385 449 1447 Wilhelmum
465 1385 643 1464 Aquitaniae
659 1384 765 1444 ducem
784 1402 816 1443 se
833 1383 1041 1457 contulissent,
1057 1389 1091 1442 ut
1105 1383 1181 1461 ipsis
1197 1383 1244 1442 uel
1258 1383 1328 1443 filiis

203 1494 234 1548 et
247 1489 333 1564 regui
349 1488 445 1548 Italici
468 1493 498 1547 et
517 1488 637 1565 imperii
652 1485 777 1546 Romani
802 1476 945 1544 coronam
966 1485 1122 1560 offerrent
1145 1503 1270 1562 cumque
1293 1503 1328 1545 ex

203 1591 335 1673 Ariberti
355 1595 387 1650 et
406 1589 516 1650 Leonis
538 1589 676 1667 episcopi
697 1587 898 1648 vercellensis
922 1587 1045 1648 arbitrio
1072 1588 1172 1648 omnia
1198 1587 1328 1666 pendere

206 1687 424 1771 uiderentur²):
448 1698 511 1752 tum
533 1692 674 1770 princeps
694 1691 761 1769 ipse
778 1709 843 1751 cum
859 1690 926 1750 aliis
942 1690 1121 1768 quibusdam
1132 1690 1328 1752 Lombardiae

205 1794 358 1873 episeopis
374 1793 422 1856 die
439 1799 629 1872 pentecostes
650 1813 677 1852 a.
705 1795 794 1857 1025.
818 1793 971 1866 Conrado,
995 1813 1014 1853 a
1034 1791 1192 1854 Germanis
1214 1795 1329 1854 interea

205 1897 315 1968 electo,
340 1894 555 1970 „Constantios
579 1897 706 1956 occurrit
728 1901 758 1956 et
778 1914 850 1956 suus
874 1896 997 1956 effectus
1025 1895 1114 1956 fidem
1135 1897 1162 1956 ei
1183 1896 1253 1959 lecit
1275 1913 1329 1974 per

205 2003 458 2059 sacramentorum
474 2003 504 2058 et
516 1999 655 2060 obsidum
668 1998 787 2076 pignus,
804 2004 836 2058 ut
852 1998 972 2075 quaudo
988 1999 1104 2064 ueniret
1119 2016 1184 2058 cum
1198 1999 1328 2062 exercitu

204 2101 242 2160 ad
257 2100 464 2162 subiciendam
479 2099 614 2174 Italiam,
635 2101 701 2178 ipse
723 2118 789 2160 eum
811 2101 960 2180 reciperet
983 2107 1094 2162 etcum
1111 2103 1248 2162 omnibus
1264 2102 1328 2162 suis

205 2204 244 2264 ad
265 2203 417 2264 dominum
440 2207 470 2262 et
490 2221 592 2280 regem
614 2203 734 2281 publice
755 2203 892 2264 laudaret
920 2205 1079 2282 statimque
1108 2199 1327 2280 coronaret“³).
1424 2182 1431 2234 ss

206 2305 292 2366 Vnde
313 2323 389 2382 quae
409 2307 544 2384 praemia
559 2306 675 2380 tulerit,
697 2306 786 2383 paulo
803 2311 875 2384 post
889 2307 1103 2368 indicabimus:
1127 2307 1177 2366 bic
1197 2307 1329 2368 breuiter

205 2413 378 2484 tangamus,
394 2425 426 2469 re
443 2427 515 2470 uera
531 2409 587 2469 sub
602 2408 692 2470 finem
707 2409 820 2468 mensis
836 2408 934 2470 Martii
950 2430 977 2470 a.
998 2413 1087 2472 1026.
1105 2410 1274 2472 conradum
1289 2411 1327 2472 ab

204 2511 343 2572 Ariberto
359 2511 388 2570 in
405 2512 490 2587 regni
504 2511 603 2572 Italici
617 2528 720 2588 regem
736 2518 910 2572 coronatum
927 2531 1010 2588 esse,
1036 2514 1200 2591 etquidem
1218 2514 1328 2574 bledio-

203 2612 275 2686 lani,
291 2631 358 2673 cum
370 2613 515 2687 Ticinum,
528 2615 580 2675 ubi
591 2619 680 2675 antea
690 2614 789 2675 Italici
799 2633 886 2692 reges
899 2633 1039 2695 coronam
1052 2635 1168 2677 sumere
1181 2617 1328 2692 solebant,

203 2721 274 2794 post
288 2716 441 2778 biennium
457 2717 574 2778 demum
590 2717 628 2778 ad
641 2715 771 2778 Conradi
783 2723 885 2795 partes
907 2709 1088 2798 transiret4).
1119 2718 1261 2797 Sequenti
1276 2719 1327 2779 de·
1366 2770 1377 2786 ,

204 2819 273 2879 inde
292 2837 374 2884 auno
388 2818 512 2894 (1027.)
535 2819 693 2880 Aribertus
716 2819 885 2881 Gouradum
906 2820 1030 2881 Romam
1047 2822 1205 2884 comitatus
1228 2827 1275 2881 est
1289 2821 1328 2880 ad

204 2921 408 3000 accipiendam
432 2922 686 2983 consecrationem
708 2922 908 3000 imperialem,
932 2941 1057 3002 eumque
1073 2924 1104 2983 in
1119 2921 1329 2986 bombardiam

205 3023 343 3084 reducem
363 3025 394 3084 in
409 3025 601 3101 subigendis,
623 3025 675 3102 qui
695 3025 792 3084 adbuc
814 3025 1012 3100 resistebant,
1035 3027 1217 3088 aduersariis
1239 3045 1327 3104 quam

205 3126 330 3188 mamme
345 3126 429 3190 iuuit.
453 3127 557 3204 Neque
573 3133 681 3206 postea
695 3129 760 3188 eius
776 3127 899 3188 militiae
916 3128 1025 3202 defuit3
1041 3130 1101 3190 imo
1117 3149 1144 3191 a.
1162 3133 1262 3204 1034„
1279 3147 1327 3190 ex·

205 3223 358 3306 petitione
372 3229 564 3308 imperatoris
580 3231 611 3289 in
623 3229 825 3305 Burgundiam
841 3230 929 3302 fecta,
947 3231 1013 3308 ipse
1024 3250 1084 3291 una
1095 3250 1161 3292 cum
1174 3231 1328 3292 Boniiacio

204 3331 375 3392 marchione
392 3332 505 3408 „altero
522 3332 633 3393 lumine
646 3329 750 3408 regni“
767 3333 894 3412 aliisque
905 3333 1011 3394 ltaliae
1026 3335 1221 3413 optimatibus
1233 3335 1328 3413 Alpes

203 3438 414 3510 transgressus
429 3454 489 3519 non
505 3435 655 3496 modicum
671 3435 698 3496 ei
714 3435 857 3496 auxilium
871 3436 948 3496 tulit.

269 3535 392 3598 Talibus
409 3556 474 3599 cum
490 3557 545 3618 pro
563 3536 778 3600 Germanorum
794 3539 948 3601 dominatu
963 3545 1099 3616 certaret,
1117 3557 1185 3600 eum
1199 3539 1326 3618 impera·

205 3685 408 3698 ι-σι-μι-ι--ι-α-

254 3769 275 3833 ¹)
294 3776 402 3824 Puricelli
414 3792 436 3837 p.
450 3779 507 3826 dli.

254 3853 276 3918 Ἰ)
294 3861 341 3908 Gir.
358 3861 475 3910 Wilbelmi
491 3863 590 3924 epistola
607 3863 748 3921 Maginlrcdo
769 3863 894 3910 marchioni
911 3863 1043 3922 segusiensi
1060 3863 1147 3910 directa
1165 3877 1200 3925 ep.
1214 3865 1326 3924 Bouquet‚

204 3945 297 3994 Recuell
308 3949 335 3995 X.
349 3949 411 3996 483:
430 3949 496 4006 Quod
511 3950 531 3995 si
548 3949 597 3997 Deo
615 3950 752 4009 disponente
768 3963 815 3996 uon
830 3950 959 3996 dimittetur
973 3951 1029 4010 quin
1041 3949 1083 3996 fiat
1095 3947 1155 4012 (scil.
1171 3949 1214 3996 dlii
1227 3949 1326 4007 electio),

204 4033 292 4090 curete,
315 4035 498 4080 utconseneu
518 4033 744 4095 archiepiscopi
761 4035 990 4082 Mediolanensis
1012 4037 1040 4081 et
1060 4035 1194 4096 episcopi
1210 4035 1327 4082 Vercel-
1363 4085 1365 4090 ,

203 4116 297 4166 leucis
310 4153 316 4166 .
330 4153 336 4166 .
350 4154 356 4166 .
369 4119 477 4168 ellectum
488 4119 598 4166 obtineat.

253 4195 274 4262 ³)
293 4205 329 4251 lta
344 4204 424 4265 wipo,
447 4205 501 4251 Vita
517 4204 618 4252 Gbuonr.
636 4219 687 4266 cap.
700 4207 723 4252 7.
736 4205 825 4252 Amulli
841 4207 993 4254 demtionem
1010 4206 1048 4255 bic
1065 4207 1147 4256 islsam
1163 4221 1226 4264 esse,
1243 4208 1287 4254 iam
1303 4208 1327 4253 iu

201 4289 276 4348 prime
287 4289 359 4336 libelli
370 4292 435 4350 parte
447 4290 532 4338 monui.

255 4368 276 4432 ⁴)
295 4374 342 4422 cn.
354 4390 413 4436 quae
426 4375 513 4425 Giulini
525 4376 679 4438 disputatus
694 4377 751 4434 197,
762 4391 830 4438 quem
841 4379 980 4426 recentiores
992 4381 1101 4426 secuntur
1111 4379 1158 4427 iere
1169 4391 1256 4427 omnes.

1088 4459 1104 4514 2
