3110 5022
671 257 874 352 „415³-

211 462 302 526 m'diio
318 483 337 524 a
352 461 528 544 rupittum'io
544 461 753 526 macomeria·
770 457 971 528 Wcaimlmraa
983 465 1295 542 comcepprimicerius
1308 469 1339 525 et

213 567 495 644 signiter1·egio‚...
512 566 585 630 ¹cede
597 561 839 647 procubuerant
854 562 903 627 11.
916 562 990 628 Kal.
1004 559 1204 647 Septembris.
1229 563 1337 628 Porte-

211 667 296 730 riom‘
309 666 359 730 die
379 665 511 750 quidum
527 666 661 730 eamdem
681 663 923 730 odatructioocm
944 687 981 730 ec
1002 665 1069 736 ulio
1082 676 1175 749 porte
1197 668 1341 750 apparari

261 813 269 831 .
288 769 534 853 peremptionem
554 815 561 830 .
578 799 609 834 a.
634 771 730 848 donec
754 771 874 834 tandem
900 771 1064 835 venerabili
1086 772 1151 834 viro
1176 765 1335 834 Gautario

211 870 366 936 morracio
382 893 448 935 cum
464 874 613 952 legatione
628 875 710 951 regis
726 871 912 938 adamicata
927 880 957 936 et
971 880 1039 935 acta
1053 875 1178 936 dooente
1193 875 1337 936 reditum·

214 993 270 1054 que
287 977 443 1052 suadente,
460 995 534 1056 paee
550 977 621 1046 data
636 982 666 1038 at
679 981 814 1056 accepta,
830 977 959 1044 uictores
975 976 1126 1039 coierant.

261 1078 264 1086 '
597 1075 720 1141 Hcrim.
744 1075 831 1162 Amy.
856 1074 957 1142 1040.

275 1181 688 1263 Rexadprocetractioaem
702 1199 757 1242 eea
770 1181 982 1244 municionem
995 1180 1096 1244 siluae
1117 1183 1191 1244 citra
1211 1188 1241 1244 et
1260 1183 1338 1246 ultra

213 1282 458 1367 eapupaumdom
480 1290 595 1364 partem
625 1284 794 1364 expeditam
822 1286 967 1346 exereitus
992 1305 1047 1364 per
1070 1283 1163 1346 deuio
1184 1283 1284 1346 uultur
1307 1286 1337 1346 in

213 1389 396 1467 prouinciam
410 1387 500 1450 misit.
525 1387 585 1448 Sed
601 1406 666 1448 oum
682 1384 730 1450 11.
743 1385 817 1450 Kal.
832 1381 917 1470 Sept.
933 1386 1024 1462 ictor,
1041 1387 1180 1450 craetimo
1196 1407 1272 1449 aero
1288 1386 1338 1448 die

211 1487 287 1552 illuc
307 1488 420 1551 militae
443 1491 572 1564 siluosa,
596 1490 730 1551 difficilia
753 1497 783 1551 et
806 1485 966 1551 odatraota
988 1488 1057 1552 loca
1078 1490 1229 1573 imperari,
1249 1509 1337 1553 caseo

212 1593 314 1654 labore
329 1594 388 1654 iam
404 1593 593 1670 fatigabundi
610 1593 812 1654 firmissimam
837 1593 985 1673 quandam
998 1595 1167 1656 machinam
1181 1613 1337 1674 oppugna·

216 1701 280 1756 tum
302 1696 426 1772 aggredi
448 1697 561 1756 frustra
586 1701 749 1771 tentarent,
777 1696 958 1758 irruentibus
987 1697 1117 1775 undique
1145 1698 1335 1772 Boemannia

219 1797 305 1858 rucei
323 1802 402 1876 capti
424 1799 578 1877 fugatique
599 1807 681 1860 aaut.
712 1797 750 1859 m
765 1799 816 1877 qui
832 1799 861 1858 in
877 1800 1033 1878 prouincia
1053 1799 1150 1861 adhue
1170 1819 1206 1861 ex
1226 1799 1337 1861 nostris

211 1907 427 1976 remanserant,
443 1899 668 1963 interueniente
687 1894 1032 1964 Gumborioieremita
1053 1903 1216 1964 incolomes
1233 1900 1340 1964 educti

120 2057 122 2060 .
210 2001 382 2064 redieram.

278 2103 394 2182 Quibus
408 2105 520 2168 tabulis
535 2107 591 2166 rite
608 2107 783 2186 perpensio,
799 2107 910 2168 nemini
926 2125 1016 2187 spero
1032 2108 1154 2168 dubium
1170 2109 1249 2182 iore,
1265 2109 1337 2186 quin

210 2208 323 2270 Herim.
347 2215 409 2270 tres
430 2210 505 2270 alios
527 2210 641 2283 fontes,
664 2209 910 2287 Fragmentorum
932 2211 1059 2288 scriptor
1075 2217 1153 2272 certe
1171 2211 1336 2290 Wiponem‚

212 2311 343 2372 tortasse
358 2311 446 2372 ctiam
463 2312 570 2373 Annal.
586 2311 644 2372 San
661 2309 739 2375 Gall.
755 2313 823 2374 mai.
840 2319 910 2374 ante
926 2314 1029 2375 oculos
1044 2314 1191 2375 habuerit.

277 2413 357 2474 Vsus
378 2420 425 2475 eet
444 2415 535 2492 igitur
554 2413 667 2477 Herim.
686 2421 808 2494 praeter
823 2413 982 2495 Wiponem
1003 2421 1033 2476 et
1053 2417 1162 2478 Annal.
1178 2416 1238 2478 San
1255 2415 1333 2478 Gall.

213 2517 281 2576 mai.
305 2533 397 2595 opere
420 2517 548 2595 quodam
570 2519 650 2578 inter
671 2517 806 2597 Wiponis
830 2524 958 2580 aetatem
980 2525 1012 2580 et
1031 2525 1165 2598 tempus,
1190 2537 1247 2598 quo
1269 2520 1337 2598 ipse

213 2619 374 2680 chronicon
395 2621 577 2699 composuit,
599 2616 740 2700 exorto¹)‚
763 2622 846 2683 cuius
863 2621 1045 2698 Fragmenta
1059 2627 1168 2700 postea
1181 2622 1212 2682 in
1228 2623 1335 2684 Annal.

211 2721 414 2784 Hildesheim.-
430 2707 594 2796 auctiorem
616 2724 685 2784 inde
706 2725 736 2784 in
757 2725 865 2786 Annal.
882 2725 1028 2786 saxonem
1045 2731 1075 2785 et
1089 2725 1197 2786 Annal.
1214 2725 1337 2803 Magda-

211 2826 297 2902 bnrg.
318 2825 510 2886 transierunt.
550 2825 732 2904 Fragmenta
757 2827 841 2888 dico:
865 2847 934 2888 nam
955 2833 1071 2906 partem
1094 2847 1131 2889 ea
1152 2829 1254 2908 operis
1274 2848 1337 2890 am-

210 2928 314 3006 plioris
336 2929 486 3002 eiecisse,
507 2929 587 3006 quod
612 2945 661 2990 ree
688 2935 1051 3008 quoqueantoa.103t.
1076 2937 1178 3009 gestas
1201 2950 1336 3012 compre-

210 3029 362 3105 henderit,
392 3031 485 3092 uerba
514 3029 654 3092 uidentur
676 3033 805 3106 docere,
841 3034 949 3112 quibus
976 3033 1136 3096 Annalista
1165 3035 1202 3096 do
1233 3035 1336 3099 Odone

211 3131 423 3212 Campaniensi
445 3133 588 3215 loquitur,
610 3152 697 3212 quem
719 3135 786 3218 ipsc
801 3136 879 3197 inin
894 3135 970 3198 libro
987 3155 1042 3198 suo
1065 3143 1155 3200 antea
1174 3157 1234 3201 non
1256 3157 1335 3200 oom-

210 3239 440 3297 memorauerat:
459 3253 632 3318 „caoaocpc
644 3234 727 3298 dicto
750 3233 1044 3317 Ottochurgundie
1061 3235 1220 3320 tirannoll.
1248 3241 1335 3304 Haud

210 3337 300 3400 dubie
309 3343 408 3400 autem
417 3338 494 3399 liber
504 3338 555 3400 illc
563 3337 692 3400 Gonradi
700 3339 740 3401 11.
752 3340 993 3415 finem,Heinrioi
1001 3343 1056 3404 III.
1068 3345 1154 3406 initia
1165 3345 1334 3425 descripsit

209 3458 306 3518 neque
321 3459 389 3502 eum
404 3441 490 3502 unice
507 3441 671 3503 secundum
686 3461 830 3504 annorum
846 3445 954 3506 seriem
971 3447 1151 3526 dispositum
1166 3448 1275 3522 inisse,
1300 3467 1337 3510 ea

209 3561 245 3604 ex
259 3561 292 3604 re
307 3544 448 3620 conicias,
464 3545 543 3622 quod
558 3545 755 3607 idemiactum
765 3545 946 3625 Fragmenta
960 3549 998 3610 ad
1013 3569 1040 3612 a.
1058 3553 1159 3624 1043„
1175 3550 1286 3613 Herim.
1304 3551 1335 3612 in

210 3646 348 3708 chronico
363 3645 402 3706 ad
418 3666 444 3708 a.
465 3649 555 3709 1042.
572 3647 690 3710 referat.
719 3649 825 3728 ltaque
846 3651 917 3729 qnid
933 3651 1119 3731 probabilius
1134 3650 1249 3714 waitzii
1265 3672 1335 3717 oon·

208 3749 337 3825 ieotum,
360 3750 435 3812 nihil
456 3751 536 3813 aliud
553 3769 630 3832 opus
647 3752 720 3814 illud
733 3753 844 3828 luisse,
865 3753 923 3816 nisi
939 3755 1035 3834 ipsius
1051 3755 1225 3818 Herimanni
1242 3755 1336 3820 Gesta

259 3949 281 4014 ¹)
298 3955 462 4004 nortmannum
473 3959 550 4004 autom
561 3957 618 4018 ipsiu
631 3957 785 4016 dragmatis,
798 3973 845 4006 non
856 3960 984 4008 Annalibus
995 3960 1231 4010 Hildaolmimonoibua
1249 3963 1334 4010 auctio

208 4041 271 4089 ribus
282 4055 350 4089 usum
358 4042 504 4090 manifestum
513 4045 556 4090 aaa
575 4043 619 4101 Qui
627 4044 688 4090 enim
696 4044 745 4092 fleri
756 4045 843 4104 potnit,
856 4047 883 4092 nl
891 4059 949 4108 quae
960 4047 985 4093 in
995 4048 1081 4094 nostrin
1090 4048 1174 4096 Annal.
1183 4049 1334 4096 llildesliainn.

207 4127 325 4187 leguntur,
341 4141 446 4188 quaeque
454 4129 485 4176 iu
500 4129 643 4176 uberioribus
658 4131 705 4176 tam
717 4131 779 4177 areta
795 4144 848 4178 oum
861 4131 1003 4191 Fragmentia
1020 4147 1108 4181 conexa
1123 4138 1200 4191 arant,
1218 4136 1334 4182 omitteret

208 4213 295 4270 omnia,
307 4213 495 4273 Fragmentorum
505 4215 601 4272 textum,
614 4217 640 4261 ut
650 4215 684 4262 ita
694 4216 781 4273 dicam,
794 4220 926 4266 manaret?

259 4291 280 4357 ²)
298 4299 349 4347 Nini
363 4299 388 4347 id
405 4314 417 4346 o
433 4302 563 4347 nostrorum
578 4301 661 4348 lund.
678 4301 828 4350 Hildeeliaim.
841 4304 928 4352 acrbior
950 4319 1015 4361 „oum
1028 4304 1123 4352 Oudona
1144 4309 1241 4368 tyranno
1258 4317 1335 4373 caepe

207 4384 361 4432 memorato·
375 4385 470 4433 duxisse
481 4389 577 4434 etatum.
