3110 5022
659 305 863 314 -η--ι-ιι-ι-ι-ι

202 439 300 493 aetate
313 432 447 505 Amulio,
464 433 585 508 proprie
602 447 638 488 ne
653 433 803 488 tantorum
819 429 1010 488 certaminum
1027 429 1171 488 memoria
1181 429 1324 502 interiret,

201 536 238 595 ad
249 535 437 595 scribendum
447 535 594 592 adductus
603 526 689 607 est¹);
703 537 836 607 uterque,
847 530 941 589 utilia
951 530 1059 590 melius
1071 531 1324 606 intellegerentur,

202 638 333 716 priorum
348 641 516 714 temporum
531 635 686 695 historiam
702 619 850 710 explicere
870 626 1023 707 studuisti.
1051 632 1170 692 Similes
1189 633 1279 709 igitur
1293 633 1324 692 in

201 759 325 818 operum
341 739 550 817 dispositione,
567 739 598 797 in
613 735 857 797 exaedificatione
874 751 998 814 prorsus
1014 740 1084 796 sunt
1099 735 1248 814 dispares.

264 843 443 902 Arnulfus
460 841 537 901 enim
554 858 641 918 quam
657 841 687 899 in
704 839 801 917 primo
817 839 884 898 libri
902 838 948 898 sui
964 837 1096 916 capitulo
1113 837 1266 916 pollicitus
1278 823 1326 899 est

204 945 323 1022 ,uerbis
345 944 493 1023 prolatam
514 943 721 1004 communibus
743 941 909 1019 simplicem
934 945 1086 1016 gestorum
1112 940 1324 1014 narrationem,

200 1066 277 1125 qnae
292 1064 396 1124 reges,
418 1046 589 1126 pontifices,
613 1045 694 1104 ciues
709 1045 739 1104 in
755 1041 829 1104 urbe
845 1043 1013 1104 Mediolano
1029 1042 1077 1102 uel
1093 1048 1186 1117 extra,
1203 1059 1324 1124 compa-

200 1151 307 1210 triotae
322 1151 352 1209 in
368 1167 460 1227 regno
474 1147 578 1209 italico
595 1144 775 1224 gesserint“,
791 1165 823 1206 re
838 1164 911 1206 uera
926 1151 1083 1206 exsecutus
1102 1151 1324 1206 monumentum

203 1253 334 1332 posteris
354 1251 477 1312 tradidit
491 1251 692 1312 utilissimum.
728 1248 915 1326 Quamquam
935 1267 994 1308 non
1015 1266 1139 1326 prorsus
1156 1248 1220 1309 sine
1235 1249 1280 1310 ira
1295 1253 1325 1309 et
1401 1276 1403 1280 ⁷

200 1355 299 1414 studio
315 1356 387 1431 agit.
411 1354 562 1432 Principio
578 1355 656 1414 enim
672 1353 862 1426 narrationis,
878 1350 1056 1430 praesertim
1072 1351 1102 1410 in
1117 1351 1205 1410 tertio
1222 1351 1323 1430 operis

199 1457 290 1532 libro,
319 1457 536 1518 Ambrosianae
558 1456 640 1516 sedis
661 1456 860 1532 integritatem
882 1458 986 1514 contra
1006 1454 1153 1514 uindicias
1173 1454 1324 1515 Romanas

198 1566 314 1635 tuetur,
345 1560 506 1620 effrenatae
535 1559 632 1638 plebis
658 1559 803 1618 tumultus
831 1573 991 1634 eorumque
1018 1563 1156 1618 auctores
1183 1558 1322 1634 castigat.

199 1663 309 1732 Postea
321 1679 401 1734 uero,
419 1679 485 1721 cum
501 1681 528 1720 a.
545 1663 634 1720 1077.
645 1661 775 1736 legation
790 1660 995 1734 iintcriuisset,
1012 1675 1071 1736 qua
1083 1659 1322 1721 Mediolanenses

202 1762 340 1840 Gregorii
356 1762 422 1822 Vll.
440 1763 616 1824 solutionem
632 1762 848 1852 implorabant,
870 1761 991 1822 mutatis
1013 1761 1148 1840 partibus
1170 1763 1237 1839 ipse
1253 1779 1323 1840 pro·

203 1867 302 1927 lessus
323 1872 385 1942 est,
407 1883 440 1928 se
464 1885 542 1942 ,non
564 1867 734 1944 improbare
755 1881 809 1925 nec
829 1865 890 1925 ullo
912 1864 1000 1924 modo
1021 1863 1181 1926 dissentire
1204 1865 1323 1927 abillis

201 1969 355 2042 omnibns,
378 1969 428 2046 qni
448 1969 570 2029 uenales
590 1969 787 2046 reprobarent
806 1967 1047 2028 consecrationes
1068 1972 1098 2027 et
1112 1985 1264 2029 sacrorum
1279 1968 1323 2028 in·

199 2072 411 2132 continentiam
424 2069 579 2133 ordinnm“
592 2068 653 2149 (IV.
666 2066 726 2150 m),
736 2089 769 2131 se
779 2071 885 2146 ,aliter
896 2088 984 2147 qnam
993 2087 1087 2147 usque
1096 2070 1185 2132 modo
1197 2070 1325 2132 uidisset

200 2174 320 2250 alonge
332 2175 518 2252 prospicere,
527 2191 652 2252 cumque
665 2173 835 2252 praeteritis
845 2173 1023 2251 praesentia,
1032 2173 1153 2252 scriptis
1166 2173 1325 2234 scribenda

200 2277 365 2352 conferret,
384 2277 493 2336 rubore
508 2277 666 2352 vperfusum
686 2275 814 2337 fideliter
836 2276 1025 2351 erubescrre,
1047 2293 1102 2337 nec
1117 2275 1321 2338 barbarismos

200 2380 230 2439 in
245 2379 347 2439 uerbis
363 2379 478 2455 egisse,
495 2383 542 2439 set
556 2379 682 2439 aliorum
697 2379 849 2456 quaelibet
864 2378 944 2438 dicta
961 2379 1009 2438 uel
1024 2379 1103 2438 facta
1117 2383 1229 2439 temere
1245 2379 1321 2440 iudi-

200 2499 287 2542 casse
302 2479 462 2542 conlnndi“
480 2477 544 2556 (IV.
560 2475 618 2560 13).
643 2481 699 2542 Vbi
714 2487 813 2542 tamen
827 2482 1004 2559 scriptorem
1019 2500 1079 2542 non
1094 2481 1240 2542 factorum
1256 2499 1324 2560 per·

200 2597 287 2644 nerse
303 2589 504 2657 narratorum,
530 2585 583 2644 sed
599 2585 700 2644 iudicii
716 2589 831 2645 tantum
847 2585 965 2645 incaute
981 2585 1090 2662 prolati
1104 2601 1187 2644 reum
1204 2601 1237 2645 se
1253 2602 1323 2645 con-

191 2687 291 2761 fiteri,
315 2692 395 2747 recte
409 2687 468 2746 iam
484 2687 696 2746 animaduertit
708 2687 920 2761 Wattenbach;
940 2688 1041 2764 itaque
1057 2692 1243 2747 namatomm
1260 2687 1324 2748 eins

199 2789 274 2850 tides
295 2789 353 2850 hoc
369 2789 448 2850 dicto
464 2789 655 2851 confirmatur
677 2790 778 2868 potius
795 2807 883 2867 quam
899 2791 1048 2860 atteritur,
1070 2794 1208 2868 certeque
1224 2790 1324 2850 existi·

200 2891 327 2951 mandus
344 2892 490 2964 estnihil,
506 2897 649 2968 quantum
665 2893 784 2970 quidem
801 2893 897 2968 sciuit,
919 2893 1082 2971 protulisse
1101 2891 1324 2972 ,impugnando

203 2992 358 3052 ueritatem
379 2999 431 3053 ant
450 2995 646 3070 repugnando
666 2992 817 3056 iustitiae“
840 2990 902 3075 (IV.
922 2990 984 3073 12).
1015 2995 1155 3068 Accedit,
1179 2995 1259 3072 quod
1274 2997 1323 3056 uel

200 3096 244 3155 eis
260 3095 396 3169 inlotis,
418 3096 468 3156 ubi
484 3113 516 3156 re
532 3113 603 3156 uera
623 3097 765 3158 iudicium
785 3097 857 3170 fert,
878 3113 999 3175 semper
1020 3097 1152 3158 sobrium
1171 3097 1324 3158 bominum

155 3236 157 3240 ,
200 3197 388 3276 partiumque
410 3198 553 3258 arbitrum
575 3215 608 3259 se
629 3199 774 3273 ostendit,
797 3199 833 3260 de
849 3199 943 3277 priori
962 3205 1061 3260 autem
1082 3203 1181 3262 aetate
1204 3201 1324 3261 omnino

201 3300 345 3362 iudicium
367 3301 444 3361 terre
466 3301 617 3362 recusauit
639 3301 820 3376 ,narranda
842 3320 902 3362 non
917 3302 1078 3363 indicanda
1092 3303 1222 3364 Ariberti
1238 3308 1325 3380 gesta

200 3401 389 3482 suscipiens“
408 3400 458 3484 (Il.
478 3399 517 3477 ll.
539 3435 581 3446 -
602 3402 742 3464 Ceterum
764 3421 822 3464 non
844 3405 943 3465 omnia
963 3405 1082 3483 quidem
1103 3405 1222 3482 singula
1242 3405 1321 3466 laeta

200 3506 274 3566 satis
290 3512 427 3568 accurate
443 3514 581 3584 nouerat,
603 3525 639 3567 ea
654 3507 847 3586 praesertim,
868 3525 944 3585 quae
961 3508 1007 3568 uel
1024 3508 1053 3568 in
1070 3509 1199 3587 primum
1214 3507 1323 3568 librum

198 3608 327 3686 redegit,
342 3608 394 3669 ubi
410 3614 439 3669 et
454 3615 621 3686 temporum
637 3609 770 3671 ordinem
788 3629 847 3672 non
860 3627 1010 3688 nunquam
1026 3609 1095 3688 plus
1112 3611 1191 3672 insto
1207 3615 1323 3690 pertur-

203 3711 300 3784 bauit,
322 3711 369 3770 nel
386 3729 462 3789 quae
478 3717 585 3790 postea
600 3731 658 3773 non
675 3712 713 3772 ad
729 3712 996 3785 Mediolanensem,
1020 3713 1073 3774 sed
1089 3713 1189 3791 potius
1205 3713 1244 3773 ad
1259 3713 1324 3774 uni·

199 3831 319 3874 uersam
334 3815 427 3874 totius
443 3815 527 3890 regni
542 3815 591 3875 uel
607 3813 724 3892 imperii
738 3815 894 3876 historiam
911 3815 1079 3894 spectantia
1093 3815 1203 3876 retulit.
1227 3811 1282 3889 Ita,
1292 3820 1326 3876 ut

202 3915 338 3992 exempla
353 3916 491 3988 afferam,
508 3917 572 3978 eins
587 3919 734 3992 narratio,
750 3915 898 3994 quomodo
913 3917 1069 3978 Aribertus
1088 3936 1228 3994 ,suorum
1244 3935 1323 3979 com·

218 4035 404 4043 --————

250 4083 269 4145 ι)
288 4089 342 4134 dm.
357 4088 374 4134 l.
388 4089 415 4134 1:
432 4088 508 4135 Nullis
524 4091 585 4134 retro
601 4089 741 4148 temporibus
759 4089 812 4136 telis
829 4103 855 4136 so
872 4092 937 4136 tanta
953 4087 1067 4136 scribendi
1084 4090 1128 4138 fnit
1145 4091 1236 4137 occasio
1249 4089 1323 4138 doctis

197 4174 283 4233 pariter
294 4175 317 4219 et
327 4173 441 4231 indoctis3
455 4171 495 4220 cir.
509 4173 541 4219 IV
564 4176 591 4231 13
604 4173 632 4220 de
644 4174 757 4221 Landulio
769 4189 791 4220 u.
805 4174 925 4234 epistolam
937 4175 1107 4222 dedicatoriam.

248 4250 270 4317 Ἰ)
288 4260 344 4305 Am.
356 4259 375 4305 1.
389 4260 416 4304 2:
435 4259 490 4318 quic
506 4273 534 4305 ex
550 4259 679 4320 praeteritis
691 4261 793 4320 pendent
804 4261 944 4320 praesentia,
962 4260 1048 4308 abillis
1061 4261 1090 4308 ad
1102 4275 1140 4318 es,
1157 4275 1216 4322 qnae
1233 4263 1288 4308 snat
1298 4261 1324 4309 in

198 4343 313 4400 manibus,
326 4346 441 4403 gestorum
454 4345 561 4392 decurret
572 4345 652 4392 oratio.
671 4344 742 4392 Laod.
755 4346 771 4392 l.
785 4345 800 4392 l.
