3110 5022
791 243 833 310 30

707 333 910 343 *—

246 451 334 512 nibus
355 450 512 512 altissimis
534 458 564 512 et
579 453 720 514 trecentis
741 454 803 514 tere
819 455 950 516 turribus
966 453 1113 518 firmatam
1134 471 1222 532 quam
1245 454 1371 518 maxime

231 561 358 614 curant.
390 553 523 632 Cumque
539 555 644 634 primis
666 556 772 618 diebus
794 556 900 618 leuiter
920 563 1033 616 tantum
1055 557 1093 616 ab
1108 555 1242 633 utrisque
1257 575 1371 634 pugna-

245 662 308 716 tum
332 662 428 724 esset,
449 657 570 718 tandem
593 658 641 718 die
657 659 826 720 dominicae
840 659 1041 733 ascensionis,
1062 658 1092 718 h.
1108 676 1134 719 e.
1154 662 1201 720 lt.
1217 658 1283 719 Kal.
1300 659 1371 720 lun.

245 758 417 820 Caesariani
435 777 538 820 omncs
555 763 661 822 castris
674 767 844 840 erumpunt,
863 761 1047 832 Teutonibus
1061 761 1093 825 in
1110 761 1223 834 dextro,
1240 761 1324 822 Italis
1341 762 1371 822 iu

170 893 172 898 v
245 861 367 922 sinistro
383 861 464 922 bella
480 863 636 923 cientibus.
653 863 868 926 Occurentibus
885 882 956 924 uero
972 883 1007 924 ex
1023 864 1151 924 aduerso
1168 863 1369 924 Mediolanen-

246 965 330 1026 sibus
338 964 469 1042 undique
485 964 671 1041 ingrauatum
688 961 734 1026 est
750 955 870 1040 bellum,
881 966 976 1027 donec
990 967 1021 1028 in
1036 966 1133 1045 prima
1147 966 1244 1026 frome
1261 966 1370 1026 nobilis

245 1066 366 1143 quidam
390 1065 568 1128 Teutonicus
590 1073 706 1128 statura
721 1087 863 1146 procerus
885 1074 915 1130 et
932 1068 1017 1130 Wido
1040 1069 1170 1130 marchio
1192 1068 1314 1128 Italicus
1328 1099 1371 1112 -

244 1169 373 1230 fortasse
390 1187 425 1229 cx
441 1169 700 1230 Aledramidarum
717 1177 807 1247 genie
822 1177 906 1232 ortus
927 1203 968 1212 -—
994 1171 1119 1248 signiter
1139 1173 1256 1248 regius,
1272 1171 1371 1232 media

244 1273 321 1334 inter
335 1272 395 1332 tela
411 1271 639 1348 configerentur.
675 1271 789 1348 Quibus
806 1274 955 1335 defunctis
972 1274 1153 1351 „multisque
1169 1275 1238 1334 aliis
1254 1274 1284 1334 in
1301 1293 1369 1352 pro·

245 1375 310 1452 prio
327 1391 431 1434 cruore
446 1375 633 1436 iacentibus“
651 1375 795 1454 paulatim
818 1382 991 1455 tepescente
1012 1375 1083 1438 belli
1104 1376 1230 1452 feruore,
1253 1377 1370 1453 utrique

244 1477 282 1536 ad
301 1476 424 1555 propria
439 1477 554 1538 rediere
565 1472 600 1556 ¹).

307 1579 365 1639 Per
386 1585 480 1639 totum
504 1589 635 1640 mensem
656 1580 764 1642 Maium
787 1581 894 1642 deinde
916 1581 1032 1643 obsidio
1057 1582 1228 1642 continuata
1243 1587 1299 1642 est.
1330 1581 1370 1640 tt

247 1700 313 1741 cum
329 1681 492 1760 imperator
506 1682 630 1758 uideret,
653 1701 687 1744 se
702 1684 805 1744 urbem
827 1684 949 1744 minime
965 1701 1072 1764 capere
1087 1702 1190 1763 posse,
1205 1683 1370 1746 deuastatis

245 1785 382 1844 omnibus
407 1784 437 1842 in
461 1785 583 1846 circuitu
604 1785 678 1846 locis
699 1787 859 1846 exercitum
883 1792 983 1847 castra
1001 1804 1121 1846 mouere
1141 1787 1238 1848 iussit.
1268 1785 1368 1846 Prius·

244 1904 332 1964 quarn
355 1905 427 1947 uero
448 1886 615 1964 recederet,
638 1887 735 1966 legem
761 1889 841 1948 illam
863 1889 1050 1952 notissimam
1072 1889 1109 1949 de
1125 1889 1283 1950 vbeneticiis
1301 1887 1368 1949 'edi-

243 1984 323 2069 dict),
340 1996 371 2049 ut
385 1991 452 2068 ipse
468 1989 548 2063 dicit,
565 1990 623 2065 „ad
639 1991 875 2053 reconciliandos
889 1991 1006 2052 animos
1021 1991 1172 2052 seniorum
1188 1997 1218 2052 et
1233 1991 1368 2064 militum,

243 2097 276 2154 ut
294 2093 332 2152 ad
354 2093 480 2154 inuicem
504 2109 623 2172 semper
645 2093 850 2156 inuenirentnr
873 2094 1053 2168 concordes,
1080 2101 1110 2156 ct
1134 2099 1167 2155 nt
1186 2094 1315 2158 fideliter
1337 2099 1369 2156 et

243 2202 472 2274 perseueranter
486 2196 727 2274 imperatoribus,
743 2203 773 2256 et
788 2197 851 2258 suis
866 2197 1035 2258 senioribus
1052 2197 1199 2260 servirent
1214 2195 1352 2260 deuoto“.
1390 2235 1397 2246 -

306 2297 372 2374 Quo
387 2300 417 2360 in
433 2299 531 2360 edicto
547 2299 674 2378 primum
687 2299 886 2362 uassallorum
900 2299 1064 2362 iurisdictio
1080 2301 1169 2360 certis
1184 2301 1296 2362 normis
1312 2299 1368 2360 cir·

244 2404 425 2481 cumscripta
440 2407 494 2462 est.
526 2400 658 2464 Sauciuit
678 2402 754 2462 euim
772 2401 942 2478 (lonradus,
963 2409 997 2464 ut
1019 2402 1118 2464 nullus
1140 2402 1226 2464 miles
1249 2403 1366 2481 episco-

242 2523 358 2583 pcrum,
371 2506 529 2579 abbatum,
546 2505 784 2580 abbatissarum,
800 2511 852 2564 aut
866 2505 1081 2580 marchionum,
1097 2505 1145 2566 uel
1161 2506 1302 2566 comitum
1318 2504 1378 2566 uel-

136 2645 138 2649 ·
243 2603 390 2684 omnium,
413 2609 463 2686 qui
485 2607 660 2670 beneficium
682 2606 720 2668 de
735 2607 777 2668 rei
794 2607 930 2685 publicae
951 2608 1038 2669 bonis
1054 2615 1106 2668 aut
1121 2608 1158 2668 de
1174 2607 1365 2668 ecclesiarum

241 2711 378 2790 praediis
396 2717 534 2772 tenerent
556 2709 602 2770 uel
624 2711 733 2770 iniuste
757 2710 969 2789 perdidissent,
991 2716 1052 2770 tam
1069 2711 1105 2771 de
1120 2710 1282 2772 maioribus
1303 2709 1366 2770 ual-

243 2814 419 2875 uassoribus
443 2813 487 2888 (h.
504 2832 530 2874 e.
548 2811 727 2892 capitaneis)
748 2831 836 2890 quam
860 2819 890 2874 et
910 2831 1011 2874 eorum
1034 2813 1178 2874 militibus
1200 2813 1264 2874 sine
1286 2819 1367 2874 certa

242 2923 273 2978 et
287 2917 423 2979 conuictu
438 2916 527 2995 culpa
539 2915 684 2978 beneficia
699 2915 868 2995 perderent,
885 2916 941 2976 nisi
959 2915 1121 2976 secundum
1137 2916 1366 2977 constitutiones

241 3019 479 3108 antecedentium
491 3037 593 3096 regum
608 3018 654 3080 uel
669 3019 883 3097 imperatorum
900 3024 930 3078 et
944 3018 1084 3080 iudicium
1100 3019 1216 3096 parium
1233 3036 1365 3080 suorum.

240 3121 288 3182 lta
303 3141 368 3183 cum
389 3122 499 3182 iudicia
516 3122 700 3199 singulorum
719 3122 886 3200 principum
903 3119 972 3196 (hos
988 3123 1066 3184 enirn
1082 3121 1138 3182 sub
1154 3140 1228 3182 uoce
1245 3121 1364 3198 „senio-

243 3224 328 3285 rum“
352 3225 402 3285 hic
421 3224 642 3301 intellegendos
664 3241 732 3284 esse
750 3221 854 3303 patet)
870 3231 900 3285 et
925 3225 1146 3302 capitaneorum
1168 3225 1291 3285 arbitrio
1312 3223 1365 3284 ad·

241 3333 321 3388 emta
341 3333 458 3404 essent,
480 3327 528 3388 uel
546 3327 628 3404 ,ultra
649 3326 706 3388 hoc
727 3327 874 3404 quaedam
893 3327 1036 3388 militibus
1052 3344 1197 3388 concessa
1212 3332 1290 3388 sunt.
1320 3325 1364 3385 De

241 3430 406 3509 capitaneis
422 3429 500 3490 enim
516 3429 708 3490 coustitutum
725 3436 785 3502 est,
809 3434 842 3490 ut
861 3435 928 3489 orta
949 3429 1145 3490 contentione·
1159 3429 1236 3490 inter
1251 3427 1363 3508 capita·

241 3552 330 3594 neum
347 3538 377 3594 et
392 3533 576 3612 principem,
599 3531 735 3610 quamuis
756 3549 846 3611 pares
861 3532 945 3592 illum
960 3531 1103 3593 beneficio
1118 3531 1295 3610 priuandum
1311 3531 1363 3591 ad·

240 3636 434 3709 iudicassent,
450 3642 561 3710 minen,
577 3637 604 3696 si
616 3635 725 3696 iniuste
737 3635 795 3695 hoc
805 3634 852 3695 uel
865 3635 934 3696 odio
943 3635 1051 3694 iactum
1062 3635 1289 3713 proclamasset,
1301 3640 1362 3694 tam

241 3738 292 3799 diu
304 3737 424 3800 feudum
437 3741 563 3812 teneret,
576 3737 672 3799 donec
686 3738 753 3817 ipse
766 3755 831 3798 cum
844 3738 961 3798 seniore
977 3743 1007 3798 et
1017 3737 1142 3817 paribus
1154 3741 1223 3798 ante
1234 3737 1362 3816 impera·

239 3841 313 3902 toris
335 3829 537 3918 praesentiam
552 3841 701 3914 uenisset3
724 3840 887 3918 eademque
903 3841 1017 3902 ratione
1032 3847 1115 3902 esset
1129 3838 1362 3919 procedendum,

240 3943 265 4003 si
286 3943 397 4022 culpati
421 3961 511 4022 pares
536 3944 566 4004 in
586 3943 695 4004 iudicio
717 3943 904 4022 principibus
920 3942 1110 4004 deiecissent.
1152 3941 1197 4002 Dc
1218 3941 1362 4002 militibus

238 4059 441 4072 *-

290 4111 310 4175 l)
328 4116 391 4164 llaec
403 4116 527 4164 secundum
540 4115 595 4162 Am.
609 4115 626 4162 L
641 4116 673 4162 tt
686 4115 835 4162 narrauimna.
858 4114 963 4161 baudulfi
976 4113 1066 4161 tubulus
1078 4127 1147 4174 supra
1158 4112 1314 4160 relabubnnt.

288 4195 309 4262 ²)
327 4203 457 4250 Nouissime
467 4202 551 4249 editam
561 4215 598 4261 ap.
608 4201 683 4257 Perta,
693 4200 761 4259 legg.
773 4199 800 4246 ll.
807 4201 847 4246 ³9.
865 4221 891 4232 -
916 4180 1023 4260 capitula
1036 4201 1112 4246 autem
1128 4199 1156 4246 de
1167 4198 1285 4246 beneflciis
1295 4195 1359 4254 (ibid.

198 4301 201 4308 ’
236 4289 308 4350 pit)
329 4289 445 4336 al’crtaio
462 4287 536 4334 eidem
553 4286 623 4334 aetati
643 4271 743 4346 ascripta
763 4285 808 4332 buc
825 4299 871 4332 non
887 4287 1000 4346 pertinere
1014 4285 1083 4332 euicit
1100 4283 1249 4332 Ginnabrecbt
1261 4283 1289 4330 11.
1302 4283 1359 4330 629.

239 4373 317 4434 ,Rex“
332 4375 372 4422 ille
384 4373 503 4422 comeum
515 4372 617 4420 Heinrici
628 4370 668 4418 Π.
680 4371 742 4418 illius
755 4371 847 4418 uidetur
857 4385 915 4418 eoae.

1527 1648 1541 1928 l

1532 2359 1541 2426 l
