3110 5022
782 235 823 299 ³2

705 321 905 332 —a-

244 443 332 502 etiam
349 460 408 502 nou
425 443 512 520 pauci
534 447 617 504 tauto
638 447 751 503 terrore
766 442 867 504 allecti
882 448 962 516 suut,
983 448 1017 504 ut
1038 443 1069 503 in
1084 444 1238 504 nasaniam
1254 443 1366 504 incide·

244 552 319 620 rent,
336 563 394 623 qua
409 545 458 604 uix
473 550 543 623 post
557 546 672 623 aliquot
687 564 807 606 menses
823 546 941 608 liberati
957 552 1035 606 sunt
1066 545 1148 606 Inter
1162 564 1237 624 quos
1253 546 1367 607 Bertul-

244 648 306 724 fus,
328 646 455 707 Conradi
479 649 673 719 secretarius,
706 649 820 709 uidisse
848 666 881 709 re
903 653 1010 727 postea
1033 648 1107 709 dixit
1127 648 1156 710 S.
1177 649 1367 709 Ambrosium

244 768 326 827 „pro
341 750 389 809 his
409 767 485 826 quae
500 769 551 809 rex
567 751 644 810 male
661 751 794 827 gerebat,
817 751 1029 832 indignatione
1044 751 1259 812 commotum“.
1290 751 1368 812 (lon-

243 853 335 911 radus
350 853 416 929 ipsc
432 870 491 912 non
506 853 627 912 territus
643 853 736 914 fuisse
752 854 887 924 traditur,
904 854 1043 932 disperso
1054 860 1153 914 tamen
1170 856 1299 915 exercitu
1315 873 1370 933 per

245 956 397 1031 regiones,
428 956 494 1033 ipse
515 956 554 1015 ad
582 963 740 1016 montuosa
767 957 833 1016 loca
855 957 1005 1017 concessit
1026 963 1150 1036 propter
1172 957 1367 1034 refrigerium,

244 1058 383 1134 quoniam
401 1075 437 1116 ea
451 1063 565 1119 aestate
581 1077 708 1136 magnus
725 1059 806 1120 calor
821 1060 1003 1120 imminebat.
1046 1059 1252 1120 Commoratus
1268 1064 1316 1120 est
1329 1059 1368 1120 ad

243 1161 338 1220 lacum
372 1158 571 1234 Gardcnsem,
604 1160 755 1235 Veronae,
792 1161 953 1236 Galderae,
986 1163 1128 1236 Taruisii,
1159 1163 1208 1222 ubi
1240 1163 1368 1222 fortasse

242 1263 383 1322 humilem
399 1262 553 1342 Poppcnis
575 1265 763 1341 patriarchae
782 1265 994 1324 subiectionem
1017 1265 1147 1344 accepit,
1169 1266 1217 1342 qui
1240 1265 1310 1324 iude
1333 1283 1368 1324 ex

243 1366 373 1425 Ariberti
390 1366 460 1442 luga
474 1367 540 1442 ipse
557 1371 716 1444 suspectus
734 1367 899 1444 Aquileiam
916 1373 1054 1427 euaserat
1062 1362 1097 1446 l).

307 1469 354 1528 lta
370 1469 497 1546 primum
513 1469 566 1528 illa
581 1469 697 1544 ciuitas,
722 1487 797 1547 quae
814 1471 1032 1547 posterioribus
1048 1487 1165 1548 quoque
1181 1469 1367 1547 imperatori·

242 1572 380 1631 bustam
405 1589 497 1648 saepe
518 1577 638 1650 tamque
659 1573 852 1650 pertinaciter
877 1573 1003 1644 restitit,
1031 1571 1223 1646 Germaniae,
1252 1571 1366 1647 Italiac,

243 1673 431 1750 Burgundios
447 1673 598 1734 dominum
611 1674 648 1734 de
664 1675 820 1734 moenibus
837 1675 899 1734 suis
916 1675 1076 1752 repulerat.
1107 1674 1171 1735 Hac
1185 1675 1275 1752 igitur
1289 1676 1320 1734 iu
1335 1691 1367 1734 re

243 1776 339 1836 uictus
355 1775 511 1836 Corradus
526 1776 675 1854 imperiali
699 1782 797 1838 umen
819 1777 964 1854 dignitate
986 1777 1193 1854 dignissimum
1218 1796 1250 1838 se
1266 1783 1366 1838 osten-

244 1878 343 1964 derat,
368 1878 429 1938 lata
444 1879 510 1954 legc
527 1883 557 1938 et
572 1875 807 1956 prudentissima
832 1885 862 1939 et
876 1875 1089 1954 iustissimal),
1113 1898 1172 1958 qua
1186 1885 1286 1940 truces
1301 1881 1366 1940 ual-

242 1997 398 2041 uassorum
420 1981 536 2041 animos
553 1985 709 2059 tantopere
726 1982 866 2061 placauit,
882 1988 915 2042 ut
929 2000 1078 2060 nunquam
1097 1988 1203 2061 postea
1217 1983 1366 2060 generalis

243 2101 344 2143 eorum
362 2089 460 2143 motus
476 2083 573 2144 tactus
589 2083 638 2143 sit.

323 2185 408 2263 Wipo
447 2191 606 2264 postquam
644 2185 843 2247 Mediolanum
879 2187 1035 2248 obsidione
1073 2187 1229 2248 liberatum
1264 2187 1366 2248 retulit

241 2290 381 2349 continuo
407 2288 493 2348 addit
518 2288 607 2348 haec:
639 2288 701 2364 ,Mo
729 2295 863 2366 tempore
889 2289 1052 2368 imperator
1074 2289 1364 2368 archiepiscopatum

242 2391 492 2452 Mediolanensem
516 2391 674 2453 Ambrosio
700 2391 913 2453 Mediolanensi
938 2378 1079 2453 canonico
1104 2391 1214 2453 dedit“.
1261 2392 1365 2470 Neque

240 2494 328 2554 aliter
342 2493 486 2554 Arnolius
503 2493 617 2571 (11.14)
634 2500 753 2556 narrato
769 2494 820 2554 illo
837 2495 897 2554 lato
913 2496 1110 2572 pentecostali
1125 2496 1225 2556 statim
1242 2496 1365 2556 subiun-

242 2597 296 2673 git:
328 2595 487 2672 „Stabilita
507 2596 598 2674 igitur
613 2596 828 2658 deliberatione
844 2599 1046 2675 praesulatum
1063 2598 1186 2670 tradidit
1202 2598 1362 2658 Ambrosio

241 2698 472 2759 Mediolanensis
493 2699 636 2760 ecclcsiae
652 2699 796 2759 cardinali
812 2701 979 2778 presbitero
1002 2720 1115 2782 suoque
1130 2701 1297 2778 capellano,
1321 2705 1363 2760 et·

240 2802 267 2862 si
282 2801 468 2874 uidentibus,
491 2818 550 2860 non
565 2805 667 2860 tamma
689 2801 859 2862 uolentibus
875 2803 1058 2881 episcopis“.
1090 2803 1201 2865 Contra
1214 2803 1288 2863 haec
1305 2802 1363 2862 duo

240 2904 413 2964 testimonia
427 2902 601 2965 Herimanoi
611 2902 801 2980 Fragmenta,
818 2905 848 2964 in
864 2906 973 2982 quibos
990 2906 1147 2966 Aribcrtus
1163 2905 1299 2982 sequenti
1312 2904 1363 2964 de·

240 3026 319 3066 mum
340 3025 419 3067 anno
441 3006 507 3067 loco
529 3023 583 3066 suo
599 3011 698 3067 motus
719 3006 840 3082 dicitur,
862 3008 911 3068 uix
931 3008 1082 3070 ualebunt.
1113 3007 1199 3070 (lerte
1219 3008 1294 3068 haec
1314 3025 1363 3068 res

241 3110 361 3170 minime
383 3109 503 3188 proluit.
539 3108 780 3170 Mediolanenses
803 3111 896 3182 euim,
926 3110 1056 3171 Ariberti
1078 3111 1214 3190 partibus
1236 3109 1364 3170 fideliter

239 3213 454 3284 adhaerentes,
471 3210 611 3290 quicquid
628 3212 806 3272 Ambrosius
821 3212 926 3274 habuit
940 3214 969 3272 in
985 3213 1068 3274 urbis
1084 3214 1231 3274 territorio
1248 3229 1364 3272 summa

239 3332 306 3376 cum
328 3314 482 3376 alacritate
504 3312 751 3374 demoliebantur.
789 3313 892 3392 Neque
917 3315 1060 3390 insidiae,
1082 3316 1189 3392 quibus
1213 3315 1289 3376 clam
1312 3313 1362 3374 ille

239 3418 409 3480 Aribertum
424 3417 578 3478 insecutus
600 3421 663 3488 est,
688 3415 856 3495 pollicendo
878 3417 1027 3496 permulta
1042 3423 1072 3478 et
1086 3417 1202 3478 clericis
1218 3424 1248 3478 et
1268 3417 1363 3492 laicis,

289 3669 310 3735 1)
329 3675 376 3724 dtr.
394 3674 520 3736 diplomata
536 3685 573 3735 tp.
590 3671 670 3722 Bolum.
690 3672 793 3722 1425-
804 3675 877 3722 1429.
903 3672 938 3722 De
953 3673 1070 3736 Popponlt
1087 3675 1155 3723 rebus
1171 3673 1276 3736 pluribus
1292 3679 1363 3736 agant

237 3759 321 3810 Amal.
333 3760 412 3808 atuh,
426 3762 490 3808 1007
505 3759 551 3820 (ed.
564 3759 713 3808 Giesebrecht
723 3774 746 3821 p.
761 3760 793 3807 06
805 3758 874 3821 sqq),
887 3774 984 3822 quorum
995 3761 1054 3810 fides
1071 3764 1148 3809 tamen
1158 3759 1197 3808 hic
1208 3775 1255 3808 non
1266 3763 1361 3820 integr.

238 3847 311 3894 Multa
322 3849 382 3894 enim
393 3846 498 3894 fabulosa
509 3847 648 3901 immisceat,
666 3849 692 3893 ut
707 3846 900 3894 narratiunculam
917 3846 980 3894 illam
997 3848 1026 3896 de
1043 3847 1163 3903 conuiuio,
1180 3861 1226 3907 quo
1243 3847 1361 3894 antenus

238 3947 326 3980 ueneno
339 3933 468 3980 dcundum
481 3945 562 3980 necare
574 3931 680 3978 uoluerit.

288 4010 310 4076 ἵ)
329 4018 408 4079 Wipo:
428 4019 503 4077 ,iusta
515 4018 564 4078 lege
577 4015 701 4074 reductt“;
714 4017 797 4066 danai.
811 4018 865 4065 San.
879 4017 938 4065 Gall.
951 4019 1003 4066 mai.
1019 4019 1096 4066 loto:
1114 4019 1214 4080 ,scripto
1226 4031 1360 4066 concessum

238 4103 331 4152 estillic
343 4118 358 4150 a
369 4117 428 4164 rege,
440 4103 477 4150 ius
488 4105 579 4164 patrum
587 4117 679 4150 suorum
691 4103 825 4150 inuiolatum
837 4101 939 4150 tenere‘.
957 4103 976 4151 Ε
988 4104 1071 4164 quibus
1083 4105 1168 4152 Herim.
1180 4105 1252 4152 rost.
1270 4103 1360 4163 Optime

237 4187 481 4247 Bethauna-Mollem
501 4203 525 4249 p.
539 4189 586 4235 142
604 4203 627 4235 n.
645 4190 672 4236 t:
697 4189 750 4247 ,Idr
766 4189 839 4236 erdod
856 4204 910 4236 som
926 4189 1011 4246 Itoalot,
1024 4203 1074 4236 root
1085 4189 1182 4250 srllder
1202 4187 1360 4238 Gcwobnbct't

236 4271 368 4335 porcessa·⁸
381 4297 413 4308 -
425 4274 460 4322 De
472 4274 612 4334 siugulomm
619 4275 777 4335 episcoporum
789 4273 954 4322 cumuasmMis
965 4275 1120 4322 litibusetiam
1131 4279 1213 4335 postea
1223 4274 1290 4322 laede
1301 4272 1362 4320 inira

236 4371 316 4418 ponera
327 4373 427 4418 agemus
