3110 5022
706 293 746 358 35

624 375 626 378 .
706 371 735 378 ..
803 372 823 378 ..

623 381 824 390 ————-=

221 503 286 580 Quo
311 509 463 582 comperto
485 503 642 564 unbertus
662 503 699 563 ad
721 501 855 566 inaudita
877 501 975 562 adhuc
1003 501 1113 562 auxilia
1139 501 1282 579 confugit.

156 607 250 668 Iussit
271 607 349 668 enim
378 607 535 668 conuenire
561 605 598 666 ad
625 607 728 666 urbem
756 624 859 666 omnes
882 604 1098 666 Ambrosianae
1124 604 1284 682 parochiae

156 709 271 771 incolas
281 711 371 770 armis
380 709 553 783 instructos,
565 727 601 784 „a
612 709 724 769 rustico
741 725 834 786 usqua
846 707 883 767 ad
894 707 1027 781 militem,
1043 707 1080 768 ab
1090 707 1180 788 inope
1189 724 1284 786 usque

158 813 195 872 ad
206 813 381 886 diuitem,ut
393 811 752 888 densacobortepatriam
769 811 806 871 ab
822 811 960 872 hostibus
976 807 1159 872 tuerentur“.
1177 809 1223 872 Ad
1239 811 1283 872 in-

157 915 356 975 flammandos
372 933 444 974 uero
460 915 655 992 pugnantium
670 913 787 976 animos
802 915 921 990 signum
936 913 1100 991 quoddam,
1122 914 1181 974 iam
1196 921 1284 976 antea

156 1018 188 1078 in
211 1017 339 1078 diuersis
355 1017 461 1078 Italiae
484 1017 619 1096 partibus
644 1017 759 1094 priuato
780 1017 847 1076 usui
863 1015 1037 1090 adhibitum,
1064 1015 1143 1076 bello
1159 1018 1283 1094 aptauit

158 1117 288 1180 Procera
302 1119 386 1179 trabs
401 1120 496 1179 instar
511 1119 581 1178 mali
597 1120 683 1180 nauis
698 1119 822 1180 robusto
839 1117 954 1178 confixa
968 1117 1102 1196 plaustro
1115 1119 1285 1195 erigebatur
1360 1159 1372 1174 .

158 1224 191 1282 in
207 1221 344 1295 sublime,
360 1239 481 1282 aureum
499 1228 622 1298 gestans
638 1221 667 1280 in
683 1221 837 1282 cacumine
858 1239 980 1300 pomum
1002 1239 1066 1282 cum
1085 1221 1284 1298 pendentibus

158 1321 276 1385 duobus
291 1324 351 1384 ueli
367 1323 571 1384 candidissimi
588 1321 705 1396 limbis3
732 1325 763 1383 in
784 1323 882 1384 medio
906 1329 1005 1384 autem
1029 1341 1100 1383 crux
1120 1321 1284 1386 saluatoris

157 1427 277 1505 depicta
296 1427 426 1503 imagine
448 1425 578 1486 extensis
600 1426 660 1486 late
679 1425 808 1486 brachiis
825 1427 1074 1505 superspectabat
1088 1429 1283 1503 pugnantium

157 1531 286 1607 agmina.
317 1529 381 1590 Hoc
397 1533 443 1588 est
458 1528 638 1588 carroccium
654 1527 739 1601 illud,
755 1527 915 1590 Mediolani
931 1535 1053 1606 postea,
1073 1534 1106 1588 ut
1119 1529 1162 1591 ita
1177 1530 1283 1605 dicam,

157 1631 330 1710 palladium,
346 1631 402 1692 sub
419 1647 476 1708 qun
492 1631 573 1691 ciues
588 1629 760 1691 felicissime
776 1631 824 1692 nel
840 1636 944 1694 contra
956 1631 1138 1692 Fridericum
1149 1632 1172 1694 1.
1190 1640 1285 1694 certa*

157 1741 294 1796 nerunt·
590 1795 592 1798 .

222 1837 348 1898 Ineunte
357 1855 428 1897 uere
436 1855 463 1896 a.
475 1837 565 1897 1039.
573 1835 659 1912 regni
667 1835 764 1896 italici
778 1835 941 1916 principes,
951 1837 1028 1897 sicut
1035 1838 1207 1914 imperatori
1216 1857 1283 1916 pro·

157 1941 310 2014 miserant,
319 1939 407 2000 simul
415 1938 1009 2017 undiqucconueneruntaddeuastandos
1017 1940 1283 2004 Mediolanensium

157 2043 245 2104 fines.
286 2041 465 2120 Fuissetque
482 2040 584 2118 granis
604 2041 683 2101 inter
696 2040 801 2101 urbem
822 2059 1005 2120 regnumque
1027 2043 1199 2118 conflictus,
1225 2045 1284 2105 nisi

158 2163 254 2207 nonus
282 2145 318 2205 ds
345 2144 475 2206 Oonradi
507 2149 602 2204 morte
624 2161 728 2204 rumor
756 2143 900 2204 italorum
927 2145 1042 2206 animos
1071 2130 1295 2222 concussisset,

158 2248 233 2309 adeo
249 2254 384 2326 utquam
400 2246 553 2308 celerrima
569 2253 668 2308 castra
683 2247 843 2307 soluerent.
875 2247 1018 2308 Arnnlins
1033 2255 1147 2323 narrat,
1170 2255 1283 2310 tantam

159 2368 259 2412 eornm
271 2351 366 2411 inisse
378 2349 592 2423 contusionem,
609 2354 642 2409 ut
658 2349 715 2425 ,ad
730 2349 857 2410 inuicem
874 2350 970 2410 collisi
990 2350 1192 2426 corruerent⁴⁶3
1206 2354 1288 2414 inter

158 2435 313 2514 defunctos
328 2453 464 2514 nominat
478 2451 652 2529 signiferum
667 2449 901 2530 Parmensem¹).
1286 2443 1288 2448 ’

222 2554 364 2631 Quamuis
380 2556 471 2632 igitur
486 2555 643 2617 Aribertus
659 2571 763 2615 omnes
784 2555 841 2615 sibi
862 2555 1004 2616 resistere
1019 2562 1143 2618 conatos
1158 2557 1288 2619 feliciter·

157 2659 330 2737 repulisset,
346 2664 447 2719 tamen
461 2657 615 2732 intellexit,
630 2657 831 2720 necessariam
847 2675 916 2718 esse
931 2675 997 2718 cunr
1012 2677 1091 2720 nouo
1105 2677 1176 2738 rege
1192 2661 1283 2722 Hein-

155 2761 219 2822 rico
235 2761 517 2823 reconciliationem.
548 2759 651 2838 Neque
667 2779 703 2843 ea
717 2759 848 2820 difficilis
863 2765 941 2836 arat,
962 2779 1028 2820 cum
1044 2761 1110 2839 ipse
1124 2761 1282 2826 Heinricus

155 2869 259 2937 antea,
274 2869 309 2926 ut
324 2865 467 2938 diximus,
484 2863 578 2942 patris
595 2847 785 2924 seueritatem
799 2863 1010 2941 improbasset.
1041 2863 1146 2943 Itaque
1162 2866 1282 2927 Ariber·

156 2971 206 3026 tus
221 2971 292 3045 post
306 2967 420 3046 pascha
434 2985 462 3028 a.
482 2968 572 3026 1040.
593 2965 758 3042 Ingslheim
773 2965 897 3026 ueniens
914 2971 944 3026 et
957 2967 995 3026 de
1011 2967 1149 3030 omnibus
1165 2975 1282 3029 contro·

62 3149 65 3157 .
155 3069 279 3144 uersiis,
311 3086 386 3147 quas
419 3087 485 3128 cum
517 3067 655 3130 Conrado
686 3069 846 3142 habuerat,
878 3069 1082 3145 satisfaciens,
1114 3070 1283 3132 interuentu

156 3171 325 3250 principum
341 3171 471 3232 Heinrici
488 3170 613 3248 gratiam
632 3171 796 3248 promeruit
818 3177 847 3230 et
863 3170 970 3230 iterum
986 3171 1160 3234 iuramentis
1177 3191 1282 3252 pacem

155 3273 305 3350 fidemque
326 3292 358 3334 se
380 3279 566 3334 seruaturum
587 3272 766 3346 affirmauit3
793 3273 894 3351 sicque
914 3291 1015 3351 regem
1036 3273 1192 3340 Coloniam
1213 3293 1281 3353 pro·

155 3380 276 3436 secutus
292 3375 362 3436 inde
377 3375 415 3436 ad
433 3377 560 3455 patriam
582 3369 768 3450 remeauid).
799 3375 984 3454 Quamquam
1006 3376 1162 3441 Heinrieus
1184 3377 1289 3456 qualis.

155 3483 238 3538 esset
253 3497 311 3540 uon
326 3478 492 3555 ignorabat,
507 3479 567 3538 iam
582 3497 610 3538 a.
626 3481 716 3539 1042.
729 3496 796 3538 eum
810 3478 981 3555 ,instinctui
994 3479 1142 3541 diabolico
1158 3499 1176 3540 a
1191 3499 1279 3542 euna-

155 3581 233 3642 bulis
249 3578 438 3642 deseruisss“
456 3573 667 3660 prolocutusil.

219 3682 380 3744 Mediolani
404 3702 474 3745 uero
495 3703 554 3762 pax
568 3689 598 3743 et
613 3683 697 3761 quies
713 3683 896 3762 aliquamdiu
917 3683 972 3743 luit
987 3684 1064 3744 inter
1080 3683 1216 3746 diuersos
1233 3704 1281 3747 or·

155 3785 251 3860 dines,
267 3787 412 3848 militibus
429 3786 569 3846 secundis
584 3786 663 3845 baud
679 3786 769 3846 dubie
785 3807 811 3848 a.
833 3787 921 3846 1039.
937 3785 968 3846 in
985 3786 1087 3848 urbem
1103 3789 1244 3867 receptis.

156 3900 358 3916 -—··—-—-—-

208 3969 227 4032 ¹)
245 3977 300 4021 Aru.
313 3975 342 4022 11.
358 3977 396 4022 10.
414 3975 450 4021 De
461 3975 576 4021 sancceio
588 3975 674 4034 optime
686 3975 732 4034 egit
744 3975 871 4022 Bctbmann
884 3974 928 4024 SS.
941 3973 1003 4022 r111.
1017 3975 1055 4022 16.
1068 3989 1091 4022 n.
1105 3977 1145 4022 88.
1230 3991 1239 4024 ,⁴
1276 3939 1279 3942 Ι

193 4051 228 4116 ..3)
247 4059 332 4108 Dahis
347 4064 452 4106 accurate
465 4059 548 4106 Herim.
562 4059 651 4118 Fragm.
666 4061 739 4106 roto.
753 4061 799 4106 Gir.
811 4059 894 4106 rinnai.
907 4059 983 4106 niun.
998 4061 1076 4106 1040:
1098 4061 1171 4120 ,regis
1184 4058 1297 4120 gratiam..

153 4147 177 4191 et
188 4158 254 4191 suum
267 4146 353 4205 recepit
365 4142 546 4206 episcopetum“.
1257 4171 1258 4174 =
1275 4143 1292 4168 ²

178 4257 181 4260 -
193 4223 445 4290 .³).in.dipl..saepius
456 4230 518 4290 laud
530 4245 566 4290 ap.
579 4230 700 4286 uersari,
713 4231 867 4290 antiqnitates
879 4229 917 4276 Vi.
931 4232 989 4278 uit.

619 4397 820 4406 ...-—--.—
