3110 5022
770 251 812 318 20

684 335 888 348 ---.-

225 479 350 539 comites
371 477 624 552 Mediolanenses,
654 483 724 539 tuno
744 498 779 540 ex
806 478 1026 540 Otbertinorum
1049 495 1158 555 genere
1181 477 1347 538 clarissimo
1428 481 1433 488 '

226 581 292 656 orti,
305 601 342 642 ne
358 587 470 642 curtem
483 581 601 659 quidem
615 581 751 641 ducalem
767 581 950 657 obtinebant,
967 582 1020 642 sed
1038 582 1085 642 uel
1098 583 1128 641 in
1141 581 1238 658 ipsius
1250 581 1346 640 archi·

225 685 359 764 episcopi
375 685 423 745 uel
438 685 467 744 in
485 683 595 762 priuati
611 683 764 744 cuiusdam
781 685 869 744 domo
885 685 995 744 iudicia
1011 679 1225 755 exercebant¹l.

288 788 411 848 Talibus
426 773 520 864 igitur
532 786 647 846 uiribus
664 786 756 847 tultus
772 787 830 846 iarn
848 787 990 847 Amulius
1006 787 1044 848 Il.
1064 792 1244 865 potestatem
1262 805 1344 845 suam

223 890 272 949 uel
288 891 365 950 ultra
380 890 455 951 fines
471 889 710 951 Mediolanenses
727 890 885 951 extendere
905 897 1029 950 conatus
1043 896 1116 952 erat.
1141 887 1232 952 Cuius
1249 905 1344 948 exem-

224 991 306 1070 plum
334 1011 450 1052 summa
475 1010 541 1052 cum
569 993 723 1052 alacritate
752 1000 872 1053 secutus
896 993 1052 1053 Aribertus
1077 993 1190 1053 maiora
1213 992 1344 1069 petebat.

224 1093 343 1155 Nostris
364 1095 470 1155 diebus
491 1101 572 1155 recte
592 1095 650 1155 iam
673 1093 869 1155 Giesebrecbt
892 1097 1032 1168 coniecit,
1055 1115 1121 1156 eum
1137 1095 1249 1167 simile,
1266 1094 1345 1170 quali

223 1197 381 1275 pontifices
397 1197 521 1258 Romani
538 1198 626 1276 potiti
643 1203 736 1269 erant,
757 1199 936 1258 territorium
955 1199 1170 1259 Ambrosianus
1187 1197 1345 1258 cathedrae

223 1317 330 1376 parare
343 1300 512 1360 studuisse:
536 1301 645 1360 rectius
661 1301 789 1360 tortasse
802 1301 860 1361 tale
873 1299 1007 1375 dixisset,
1023 1301 1110 1378 quale
1123 1299 1344 1378 archiepiscopi

222 1401 412 1464 Rauennates
428 1403 457 1462 iu
474 1403 619 1463 Romania
634 1409 849 1463 contraxerant.

287 1503 353 1580 Qua
367 1502 396 1564 in
415 1523 445 1564 re
461 1505 587 1583 primunr
604 1505 634 1564 id
651 1505 838 1566 efficiendum
856 1513 928 1577 erat,
949 1511 990 1578 ut,
1011 1507 1089 1566 sieut
1102 1503 1265 1566 Gerbertus
1281 1507 1343 1582 epi·-

224 1614 365 1688 scopatus
386 1607 594 1668 Ferretranum
617 1613 648 1668 et
668 1606 875 1682 Geruiensem,
896 1607 955 1670 Leo
972 1609 1080 1668 deinde
1096 1608 1297 1668 Ficoclensem
1315 1613 1345 1667 et

222 1709 400 1786 Regieusem
423 1711 480 1771 sibi
502 1703 728 1790 parauerant²l,
759 1712 801 1771 ita
821 1711 976 1772 Aribertus
1007 1711 1215 1789 episcoporum
1237 1711 1342 1771 suffre-

225 1826 387 1888 genuorum
404 1831 462 1873 non
479 1814 574 1874 solum
592 1815 856 1888 consecrationem,
873 1813 924 1874 sed
939 1815 1028 1874 etiam
1039 1831 1105 1873 cum
1117 1815 1203 1890 uirga
1214 1820 1244 1873 et
1255 1813 1343 1873 anulo
1383 1887 1385 1891 y

222 1916 430 1977 inuestituram
439 1917 667 1977 nancisceretur.
691 1917 765 1977 Nam
779 1935 843 1977 oum
857 1915 937 1976 illins
949 1917 1016 1976 aeui
1029 1917 1165 1994 episcopi
1177 1935 1235 1976 non
1246 1915 1342 1976 solum

223 2019 435 2090 ecclesiastico,
452 2019 503 2080 sed
522 2021 610 2080 etiam
627 2019 754 2080 seculari
771 2025 920 2098 potestate
936 2019 1064 2098 praediti
1079 2025 1196 2087 essent,
1212 2021 1255 2079 ita
1270 2035 1343 2096 quo-

222 2121 291 2181 dam
307 2122 395 2182 modo
411 2123 559 2183 seniorem
575 2121 727 2182 ciuitatum
743 2141 809 2182 eum
825 2121 889 2180 fieri
905 2123 1071 2199 oportebat.
1239 2190 1246 2199 ,

286 2225 383 2302 Atque
404 2225 435 2284 in
450 2224 506 2283 boc
522 2225 589 2302 ipso
611 2224 729 2301 quidem
752 2241 810 2284 non
833 2224 981 2283 modicum
1003 2224 1170 2302 proiecerat
1190 2224 1341 2285 Arnullus.

222 2325 294 2387 Cum
312 2328 389 2387 enim
411 2328 489 2386 circa
504 2345 531 2388 a.
552 2329 640 2387 1006.
663 2326 768 2386 Petrus
789 2327 953 2405 episcopus
969 2327 1123 2399 estensis,
1147 2327 1273 2386 Arduini
1294 2345 1341 2387 as·

222 2429 317 2503 secla,
337 2429 442 2490 relicta
456 2429 527 2490 sede
543 2429 666 2507 propria
681 2427 880 2490 Mediolanum
902 2429 1045 2506 fugisset,
1066 2435 1096 2488 et
1116 2427 1271 2490 Heinrious
1292 2447 1343 2490 rex

220 2532 346 2592 absente
371 2533 423 2592 illo
449 2533 656 2611 episcopatum
679 2532 817 2596 Adelrico
842 2533 973 2606 cuidam,
997 2531 1141 2592 Mantredi
1164 2531 1342 2594 marchionis

221 2633 414 2710 Segusiensis
427 2636 520 2711 tratri,
537 2635 721 2708 contulisset,
736 2641 799 2694 tum
815 2635 1061 2714 archiepiscopus
1077 2635 1206 2713 primurn
1222 2635 1342 2712 quidem

220 2739 483 2826 consecrationem,
493 2739 808 2816 quaesicompetebat,
820 2744 993 2798 constanter
1004 2739 1220 2814 denegauerat;
1233 2737 1342 2797 deinde

219 2847 328 2914 autent,
345 2859 410 2901 eum
427 2841 583 2902 Adelricus
599 2841 723 2900 Romam
739 2842 890 2919 profectus
906 2859 924 2900 a
938 2840 1071 2900 iohanne
1087 2857 1169 2920 papa
1183 2857 1339 2900 consecra·

221 2943 330 3004 tiooem
343 2945 520 3023 accepisset,
537 2943 664 3004 obsessa
675 2945 747 3004 urbe
760 2943 893 3016 Astensi,
909 2944 992 3004 illum
1006 2947 1154 3020 coegerat,
1170 2947 1203 3003 ut
1214 2943 1342 3020 supplex

221 3064 287 3106 cum
303 3048 393 3108 tratre
409 3047 609 3108 Mediolanum
624 3052 750 3125 peteret,
765 3047 865 3124 ibique
881 3047 911 3106 in
927 3045 1055 3106 ecclesia
1071 3044 1100 3106 S.
1115 3044 1268 3106 Ambrosii·
1281 3045 1340 3104 uir-

220 3167 289 3228 gam
305 3155 335 3210 et
349 3151 469 3210 anulum
486 3149 618 3228 suscepti
634 3149 825 3228 pontificatus
841 3167 934 3228 supra
948 3147 1042 3210 altare
1065 3147 1244 3227 deponeret,
1265 3165 1341 3224 quae

220 3257 328 3332 postea
350 3253 469 3313 demum
490 3253 635 3330 largiente
656 3253 780 3313 Arnulto
801 3245 1025 3326 resumserat³).
1069 3251 1180 3312 Madem
1206 3251 1256 3310 uia
1271 3269 1340 3329 pro·

219 3373 342 3432 gressus
365 3355 521 3415 Aribertus
542 3354 736 3416 Constantius
756 3373 774 3415 a
793 3354 929 3417 Conrado
953 3355 1161 3432 episcopatum
1183 3359 1341 3433 acceperat

219 3455 415 3529 londensem,
431 3465 482 3535 „ut
495 3457 572 3518 sicut
582 3464 818 3532 consecrauerat‚
829 3457 965 3518 similiter
976 3459 1133 3520 inuestiret
1144 3455 1338 3537 episeopum“

220 3555 309 3640 (Arm.
325 3561 364 3622 11.
382 3557 427 3642 2).
459 3560 574 3623 Ceteris
589 3568 688 3623 autem
704 3561 733 3621 in
750 3561 928 3640 episcopiis,
953 3560 1004 3620 ubi
1026 3561 1072 3622 ius
1089 3560 1201 3622 nullum
1218 3561 1244 3622 ei
1260 3578 1340 3620 com·

220 3663 358 3742 petebat,
381 3664 418 3726 de
439 3666 517 3728 tacto
533 3665 651 3744 quidem
668 3665 871 3745 praesulatum
887 3665 991 3726 amieis
1007 3670 1037 3725 et
1050 3665 1171 3738 talibus,
1187 3664 1237 3742 qui
1252 3669 1342 3726 antea

219 3766 364 3828 eeclesiae
382 3767 613 3830 Mediolanensis
635 3768 734 3832 clerici
755 3769 886 3842 fuerant,
907 3785 1082 3848 comparare
1097 3767 1183 3830 nisus
1202 3772 1258 3830 est
1293 3766 1342 3830 Its

270 3950 291 4014 ¹)
311 3956 356 4002 etr.
371 3956 474 4016 lingonis
491 3959 514 4003 et
525 3957 624 4003 Acconis
642 3956 796 4004 marchionum
806 3957 891 4018 placite
908 3971 928 4003 ι.
943 3957 1016 4003 1⁰21.
1029 3959 1053 4003 et
1067 3957 1139 4005 1045.
1151 3971 1189 4017 ep.
1201 3955 1287 4005 Glnlini
1300 3956 1339 4004 llI.

219 4042 280 4098 5103
293 4041 413 4098 Murstori,
426 4043 581 4102 Antiquitetes
592 4041 631 4089 Ν.
649 4043 673 4089 9.

269 4119 291 4183 ²)
311 4125 357 4174 Gir.
374 4127 466 4174 ebertus
480 4129 582 4187 Gregorii
593 4141 667 4189 papae
675 4127 704 4174 V.
717 4141 753 4188 cp.
767 4127 841 4175 Manui
850 4127 908 4175 lllll.
922 4129 970 4175 201
984 4141 1048 4190 sqq.,
1064 4128 1154 4176 ottonis
1163 4129 1203 4175 lll.
1215 4141 1252 4189 op.
1262 4127 1340 4175 Glose-

216 4211 308 4268 Meeht,
320 4212 446 4260 Kaisencdt
456 4213 474 4260 1.
487 4214 545 4260 ste.

269 4291 291 4356 ³)
308 4299 364 4346 Aru.
377 4299 394 4344 l.
409 4299 448 4346 17.
468 4301 508 4346 ts.
526 4299 681 4360 senopem,
693 4313 739 4360 qno
751 4299 807 4346 llaec
819 4301 871 4347 acts
881 4301 1010 4358 uideuatur,
1021 4300 1137 4361 disputent
1149 4300 1185 4346 in:
1196 4298 1347 4354 salmonum

218 4384 258 4430 des
272 4384 404 4432 Deutselren
416 4385 500 4433 Reiclrr
512 4389 579 4432 nutet
590 4385 698 4434 lleinrlclx
710 4386 747 4441 ll.,
760 4391 815 4432 tom.
829 4387 865 4442 ll.,
878 4401 900 4448 p.
913 4389 963 4434 070
977 4401 999 4433 n.
