3110 5022
775 254 813 318 12

622 457 740 525 Annei.
766 455 854 524 Sauo
879 456 977 526 1039.

297 563 465 643 Imperator
481 565 610 629 natalem
627 563 746 624 Domini
761 582 828 626 cnm
843 567 1088 630 reuerentissima
1104 568 1272 646 principum
1288 585 1357 634 oon·

234 666 433 742 gratulatione
452 666 589 728 Goslarie
611 667 753 728 decenter
767 667 941 730 celebrauit.
972 664 1011 732 In
1032 668 1082 732 die
1098 677 1209 732 aunem
1225 668 1302 732 dum
1316 670 1361 732 uel

234 787 422 834 niueam...

556 868 676 934 Annei.
702 868 1037 956 Madasara-1039.

298 974 465 1052 Imperator
486 973 585 1036 natale
610 974 729 1036 Domini
752 974 908 1038 Goslariae
935 995 1002 1040 cnm
1022 977 1267 1040 reuerentissime
1290 998 1358 1059 pro·

234 1095 334 1138 cerum
351 1077 608 1154 congratulatione
624 1077 765 1140 decenter
780 1079 953 1140 celebrauit.
978 1075 1018 1138 Iu
1034 1078 1084 1140 die
1099 1089 1209 1142 sencio
1224 1079 1300 1142 dum
1318 1080 1361 1142 ud

233 1197 363 1239 massona
379 1224 386 1238 .
404 1224 411 1239 .
428 1224 435 1239 .

617 1279 739 1366 ‚Annae
764 1276 852 1344 Sauo
877 1277 978 1346 loru.

300 1383 403 1446 Nonus
426 1403 478 1446 rex
501 1384 735 1446 incarnationem
755 1385 874 1448 Domini
894 1386 1059 1466 Ratispone
1082 1387 1223 1450 decenter
1243 1387 1360 1466 peregit

235 1491 265 1548 et
286 1486 523 1564 purificationem
545 1494 648 1575 sancte
673 1487 765 1548 llario
787 1483 923 1565 Auguste
952 1489 1065 1566 degens
1089 1489 1232 1569 placitum
1255 1490 1359 1552 babuit

235 1607 301 1650 cnm
317 1589 480 1669 cisalpinis
501 1590 688 1670 principibus
709 1591 746 1652 de
767 1591 810 1652 rei
831 1592 950 1669 prrblioe
973 1592 1153 1662 stabilitate,
1176 1590 1360 1672 unucuique

232 1710 294 1774 pro
309 1689 388 1754 uelle
402 1690 562 1775 disponitis
578 1735 586 1752 .
602 1737 610 1752 .
627 1737 634 1752 .
652 1739 659 1754 .
1161 1699 1164 1704 '

558 1792 677 1856 Annei.
702 1791 911 1878 Mcpdcburp‚
937 1791 1038 1858 1040.

300 1896 403 1958 Nouus
422 1916 473 1960 rex
496 1897 651 1960 lleinricus
671 1899 906 1960 incarnationem
922 1898 1047 1960 ¹Domini
1070 1905 1100 1960 ct
1122 1899 1358 1978 purificationem

236 1999 428 2062 beatissimae
444 2000 499 2062 Dei
515 2001 669 2078 genitricis
689 2000 800 2062 ilarius
817 2003 970 2078 Augustae
990 2001 1162 2078 celebrans,
1184 2002 1285 2081 ibique
1304 2001 1358 2062 ali·

237 2102 379 2179 quamdin
398 2103 526 2180 degens,
547 2104 690 2183 placitum
709 2104 814 2164 habuit
834 2122 901 2164 cnm
916 2104 1036 2183 Alpinis
1057 2105 1237 2183 primoribus
1258 2103 1296 2166 ds
1313 2103 1359 2166 rei

238 2204 374 2282 publicae
390 2205 564 2280 stabilitate,
581 2205 765 2288 cunctisque
777 2224 838 2288 pro
853 2203 932 2268 uelle
946 2204 1107 2287 dispositis
1123 2252 1130 2267 .
1148 2253 1154 2268 .
1171 2254 1178 2268 .
1197 2254 1204 2268 .

235 2355 238 2360 .
301 2307 437 2376 Athaco
457 2309 612 2370 hactenns.
641 2307 722 2371 Satis
736 2309 809 2370 mihi
821 2308 928 2372 uideor
944 2309 1179 2383 demonstrasse,
1202 2315 1359 2387 utrumque

237 2409 414 2490 scriptorem
428 2411 581 2474 uberiores
597 2430 685 2490 qnam
701 2413 751 2491 qui
766 2412 804 2472 ad
820 2429 876 2474 nos
892 2418 1102 2492 peruenerunt,
1118 2413 1226 2474 Annal.
1238 2411 1358 2474 Hildes·

236 2505 326 2574 heim.
343 2531 411 2577 esse
427 2519 575 2590 secutum,
597 2513 625 2576 id
642 2515 722 2593 quod
739 2515 776 2576 do
792 2515 950 2576 Annalista
964 2515 1032 2576 aliis
1048 2534 1065 2578 e
1081 2515 1181 2578 causis
1196 2514 1256 2579 iam
1271 2521 1361 2578 actm

237 2615 407 2699 coniecerat
423 2613 553 2694 Waita¹).
639 2657 642 2668 ·

302 2717 367 2778 Iam
382 2736 452 2780 uero
468 2719 563 2780 altera
578 2719 714 2798 quaestio
728 2721 914 2782 instituenda
928 2726 984 2797 est,
1006 2720 1111 2800 quales
1127 2720 1237 2782 luerint
1251 2719 1360 2781 Annal.

238 2819 291 2896 illi,
307 2839 382 2899 quos
398 2840 463 2882 cnm
480 2821 704 2884 Giesebreohtio
717 2824 885 2898 statuimus,
900 2823 1095 2884 Hildeslreim.
1109 2823 1272 2886 uberiores.
1297 2821 1363 2900 Qua

238 2923 269 2984 in
284 2941 316 2986 rc
333 2924 460 3003 primum
476 2925 597 3002 quidem
618 2931 761 3004 apparet,
777 2930 875 2988 aetate
891 2943 943 2988 eos
959 2925 1115 2988 inferiores
1127 2911 1221 2993 inisse
1237 2924 1359 2997 nostris,

238 3027 382 3087 in'oodice
397 3027 584 3105 autographo
597 3029 734 3104 seruatis,
750 3028 801 3088 ubi
814 3028 977 3090 secundum
989 3027 1137 3088 Pertainm
1150 3045 1228 3088 nunc
1240 3045 1358 3105 quoqne

239 3129 375 3214 singulae
396 3147 573 3190 coaeuornm
590 3131 782 3191 scribentium
800 3148 920 3201 manns,
941 3129 1090 3208 usquead
1107 3149 1134 3190 a.
1155 3133 1245 3190 1040.
1263 3147 1296 3190 se
1313 3146 1361 3189 se·

239 3237 364 3310 quantes
379 3232 595 3292 discernuntur.
618 3230 667 3293 Sic
682 3234 753 3310 quin
770 3234 879 3313 partim
896 3252 911 3294 e
927 3233 1041 3294 nostris
1056 3231 1209 3308 fluxerint,
1231 3229 1360 3292 dubitari

239 3335 350 3414 nequit.
374 3334 477 3412 Neque
493 3333 589 3394 altera
603 3352 705 3396 eornm
721 3353 807 3414 pars,
824 3354 911 3413 quarn
929 3335 1081 3408 nouimus,
1096 3335 1126 3396 lu.
1141 3353 1168 3396 e.
1182 3333 1363 3412 Fragmenta

239 3437 306 3510 illa,
329 3437 366 3498 de
388 3439 496 3514 quibus
520 3437 639 3515 proprie
660 3438 748 3498 nobis
771 3438 936 3516 agendum,
957 3455 1015 3515 quo
1032 3437 1188 3498 referenda
1204 3437 1264 3498 sint
1278 3436 1362 3496 latet.

240 3538 313 3602 Cum
329 3541 407 3600 enim
421 3557 498 3618 quae
509 3539 548 3600 ad
563 3559 591 3601 a.
604 3542 694 3600 1037.
711 3539 939 3616 inFragmentis
951 3540 1063 3600 nostris
1080 3540 1219 3616 leguntur
1233 3557 1299 3599 cnm
1316 3537 1361 3598 eis

240 3642 472 3720 comparaueris,
489 3660 566 3720 qnae
581 3641 688 3702 Annal.
705 3641 763 3702 San
780 3641 937 3705 Gallenses
960 3643 1105 3717 maiores,
1123 3641 1210 3722 Wipo
1226 3641 1256 3700 in
1272 3639 1359 3700 Vitae

241 3743 412 3806 Ohuonradi
427 3763 492 3823 cap.
511 3747 571 3820 35,
586 3743 787 3806 Herimannus
802 3745 964 3822 Angiensis
980 3745 1009 3804 in
1023 3745 1163 3806 chronico
1175 3743 1214 3806 ad
1233 3742 1361 3804 eundem

241 3867 269 3910 a.
285 3853 420 3908 narrant:

528 3946 649 4012 Annei.
673 3944 752 4012 San.
779 3944 863 4012 Gall.
885 3949 960 4010 moi.
985 3942 1084 4011 1037.

305 4047 494 4132 (Imperator)
504 4053 631 4114 eundem
640 4052 820 4134 episcopum
827 4052 897 4112 inde
906 4051 1103 4131 progrediens
1115 4069 1218 4113 secum
1227 4050 1363 4111 Ticinum

293 4203 314 4266 ¹)
331 4209 378 4256 Gir.
394 4224 452 4271 qnae
467 4209 587 4258 mactarit
603 4207 794 4256 sevaston
812 4208 855 4262 14,
873 4207 913 4254 nbi
928 4207 958 4254 sd
973 4221 1047 4256 anuos
1063 4208 1121 4256 ulo.
1138 4206 1196 4254 847.
1210 4207 1268 4254 802.
1285 4204 1359 4252 1040.

241 4285 344 4354 legem
355 4295 447 4354 releget.
471 4296 549 4357 Neque
561 4295 628 4342 aliter
638 4309 686 4342 rem
698 4308 723 4356 se
739 4294 823 4342 babere
836 4293 864 4340 ule
876 4293 942 4340 annis
957 4294 1030 4340 noo.
1038 4315 1066 4326 —·
1076 4293 1149 4340 1106.
1162 4291 1249 4338 amicus
1261 4289 1363 4352 amdam,

241 4383 283 4443 qni
295 4381 352 4429 lusce
364 4383 466 4442 tempora
477 4381 543 4442 qnasi
553 4381 695 4442 prouinciam
707 4380 750 4427 sibi
762 4380 855 4437 sumsit,
868 4393 955 4428 nucum
967 4378 1151 4426 commiscuit
