3110 5022
745 276 781 336 ll

201 488 378 565 scriptorem
390 485 501 545 ueteris
517 483 608 543 fontis
625 482 722 560 ignoti
739 475 856 559 uerbe¹>
873 481 1005 553 cumeis,
1021 498 1097 558 quae
1110 479 1321 540 nostriilnnal.

200 587 394 662 illideshsim.
406 586 536 657 tradunt,
548 603 660 647 conexa
674 590 752 656 sunt,
765 591 798 644 ut
810 584 906 663 primo
918 587 1042 660 aspectu
1054 583 1141 643 iacile
1152 583 1322 659 intellegas,

200 694 275 753 baec
295 690 454 752 enunciata
474 707 532 750 non
553 689 592 749 ab
613 695 738 766 utroque
760 686 907 765 scriptore
929 685 1033 746 eodem
1056 685 1145 748 modo
1167 703 1184 746 e
1205 685 1322 746 dnobus

199 792 462 855 libr-isconcinnari
471 785 643 872 potuisset),
653 791 706 852 sed
718 809 754 852 er
765 807 824 850 uuo
833 789 997 867 eodemque
1005 789 1086 850 tonte
1095 789 1227 862 fluxisse,
1235 805 1322 866 quem

200 897 490 958 Hildesheimensem
513 913 572 954 non
595 893 703 956 iniuria
724 893 843 954 dixeris.
875 891 957 968 Quae
976 896 1010 952 ut
1029 893 1196 952 accuratius
1212 871 1335 968 cogno-⁸

202 1005 335 1075 scantur,
350 998 488 1075 singulos
500 996 645 1075 quosdam
661 996 745 1057 locos
761 993 974 1056 exscribendos
990 994 1168 1070 curabimus,
1179 993 1230 1054 ubi
1245 1011 1322 1070 quae

201 1101 346 1162 cnostris
362 1101 470 1162 Annal.
488 1099 683 1162 Hildesbeim.
705 1099 844 1160 desumta
863 1102 946 1172 eunt,
966 1097 1048 1175 typis
1067 1097 1173 1173 rectis,
1196 1114 1272 1174 quac
1288 1113 1323 1155 ex

199 1205 303 1282 ignoto
319 1204 410 1276 tonte,
427 1202 617 1264 distinximus
633 1201 770 1262 cursinis.

587 1299 707 1365 Annei.
731 1299 820 1365 »Sanc
847 1297 943 1368 1037..

264 1407 433 1487 Imperator
447 1407 547 1467 natale
566 1407 687 1467 Domini
702 1406 819 1467 Verone
844 1405 1007 1466 celebrauit
1026 1410 1057 1465 et
1070 1405 1242 1482 imperatrix
1258 1421 1323 1464 curn

197 1509 262 1572 filio
282 1527 354 1588 rege
376 1516 407 1570 et
428 1529 504 1570 nuru
525 1509 647 1570 eosdem
669 1509 734 1570 dies
755 1507 909 1587 Imbripoli
932 1507 1008 1584 egit3
1030 1511 1159 1584 tuncque
1180 1506 1211 1566 in
1232 1505 1324 1566 natali

199 1615 296 1674 sancti
316 1613 461 1691 Stephani
485 1611 704 1690 protomartiris
725 1609 914 1672 Bnrchardns
936 1610 1038 1688 presul
1060 1607 1324 1670 Helberstadensis

201 1715 404 1794 pontificalem
432 1714 669 1776 benedictionem
692 1731 711 1774 a
733 1713 869 1774 Bardone
895 1712 1068 1789 lingentino
1093 1712 1324 1790 metropolitano

200 1817 321 1896 suisque
341 1816 540 1894 suffraganeis
566 1815 763 1893 Heligenstad
790 1815 953 1876 honorilice
974 1815 1117 1894 percepit.
1157 1814 1326 1894 Imperator

201 1927 273 1999 poet
287 1919 418 1980 natalem
439 1918 605 1980 Dominiin
620 1917 744 1980 Salerno
760 1919 874 1997 oppido
897 1904 1066 1995 generalem
1088 1921 1267 1978 conuentum
1288 1917 1325 1978 de

198 2039 231 2084 ro
245 2024 367 2102 publica
382 2040 448 2083 curn
463 2021 628 2101 (lisalpinis
643 2021 814 2099 nostrisque
836 2020 1023 2100 principibus
1039 2019 1152 2081 habuit
1185 2013 1325 2102 Oontipit

199 2133 315 2204 entem,
331 2119 596 2186 Mediolanensem
611 2122 793 2204 episcopam
808 2170 815 2184 .
833 2170 840 2185 .
861 2171 867 2185 .
885 2170 892 2184 .

491 2251 494 2260 ⁴
521 2222 641 2288 Annei.
666 2219 876 2306 Mopdebarp.
902 2219 1003 2286 1037.

263 2329 432 2408 Imperator
448 2327 578 2388 natalem
590 2321 710 2388 Domini
723 2327 840 2389 Verona
855 2327 1028 2404 celebrauit
1044 2333 1077 2390 et
1087 2328 1192 2406 regina
1203 2329 1325 2390 eosdem

200 2433 265 2494 dies
287 2449 353 2494 cnm
368 2431 432 2493 tilio
451 2431 590 2494 Heinrico
611 2445 683 2508 rege
704 2436 736 2492 et
756 2449 831 2492 nuru
852 2431 1008 2511 imbripoli
1029 2431 1100 2509 egit.
1131 2431 1174 2492 llo
1190 2437 1325 2511 tempore

198 2533 923 2596 consecratuseatliurehardusllalveratudeusis
936 2535 1107 2614 episcopua.
1131 2535 1228 2612 Igitur
1240 2551 1325 2596 cesar

197 2637 294 2716 Alpes
309 2637 543 2698 transscendens
565 2655 632 2696 cum
647 2637 731 2714 regni
748 2638 830 2699 illius
846 2638 1008 2704 maioribus
1031 2643 1209 2698 conuentum
1230 2637 1327 2698 tenuit

198 2733 236 2800 de
262 2739 439 2817 corrigenda
464 2741 653 2819 republica.
695 2735 831 2822 Centipit
857 2757 981 2822 qaoque
1007 2747 1036 2800 et
1060 2735 1327 2801 Mediolanensem

200 2839 380 2924 episcopum
396 2887 403 2902 .
421 2887 454 2904 ..

262 2939 766 3007 Olarineetiamelucetada.1038.
779 2945 936 3020 insonti
946 2945 983 3006 ad
993 2947 1118 3007 uerbum
1127 2945 1325 3008 consentiunt:

249 3111 270 3176 ¹)
289 3117 350 3164 Sunt
361 3121 437 3165 summ
448 3117 511 3166 lutee.
532 3119 617 3166 lost:
637 3117 738 3178 Contigit
750 3120 826 3164 autem
838 3114 953 3178 (quoqucz
965 3118 1048 3164 Annul.
1060 3117 1218 3178 llegdeburg.)
1230 3141 1263 3152 -
1272 3131 1326 3166 ccu-

196 3202 322 3250 tirmarent.
347 3202 432 3249 Socrus
449 3202 538 3250 scilieet
553 3203 684 3249 llerimunni
702 3201 769 3260 (Nam
786 3216 881 3248 socrus:
897 3203 981 3248 Annal.
995 3201 1152 3262 Magdeburg.)
1172 3227 1202 3236 —
1221 3204 1325 3266 deperiit.

195 3287 242 3334 vro
253 3287 385 3347 Burgundie
398 3289 501 3336 tirannus
514 3289 567 3349 qnia
579 3289 602 3335 iu
613 3288 684 3349 priori
694 3287 862 3334 machinatione
876 3285 942 3344 (Item
954 3303 1008 3350 sepe
1021 3289 1096 3336 dictus
1108 3291 1230 3350 episcopus
1239 3290 1326 3336 Medio·

195 3373 297 3421 lanensis
309 3375 364 3434 qnia
375 3375 392 3420 i.
404 3389 440 3434 p.:
453 3373 536 3421 Annei.
547 3369 702 3433 llagdeburg.)
717 3373 866 3420 -occubuit
879 3371 927 3430 (ubi
940 3375 982 3421 sub
993 3375 1064 3421 finem
1079 3375 1197 3435 paululum
1210 3376 1234 3422 in
1249 3376 1326 3422 uerbis

115 3447 118 3452 ¹
196 3457 347 3518 discordant).
373 3461 460 3507 loti:
480 3459 623 3520 Proscriptus
636 3462 712 3506 autem
723 3459 902 3506 Mediolanensis
915 3481 947 3494 -·
960 3460 1116 3510 conmbsuta
1136 3461 1223 3508 10³2:
1246 3461 1274 3508 lu
1288 3461 1326 3508 die

195 3547 277 3592 anem
289 3568 319 3580 -
333 3545 499 3594 consideratur.
525 3546 610 3592 mlo:
631 3545 771 3606 (iunctisque
786 3559 829 3606 pro
847 3545 907 3592 ualle
924 3546 1044 3606 dispositis
1065 3566 1093 3581 ·-
1109 3547 1209 3594 uicturos
1221 3548 1326 3594 exierunt

196 3629 335 3688 (redierunm
346 3631 429 3678 nnnc.
442 3630 607 3692 ldepdeburel
625 3631 711 3678 Eodem
724 3635 826 3692 tempore
837 3655 868 3664 -—
878 3633 991 3678 interiere.
1004 3633 1033 3678 A.
1047 3632 1121 3678 1041.
1133 3633 1228 3692 integer.
1242 3634 1324 3682 1042:

194 3715 221 3762 In
233 3716 432 3776 assumptione-
444 3717 544 3763 intrarit.
562 3717 648 3763 Eodem
661 3717 731 3762 terme
742 3719 844 3776 tempore
858 3714 918 3774 (eod.
931 3720 1013 3778 temp:
1026 3718 1109 3764 Annal.
1121 3716 1278 3778 Magdeburg.)
1293 3739 1324 3753 -

194 3805 270 3848 castra
287 3801 365 3848 metati
382 3805 436 3848 suut
453 3799 502 3859 (nbi
518 3802 542 3848 in
557 3801 603 3848 flue
615 3801 734 3862 paululum
749 3800 899 3860 discordant).
924 3803 950 3849 ln
966 3803 1083 3864 superlore
1099 3806 1164 3863 purte
1183 3826 1212 3835 —
1231 3818 1325 3850 censum

194 3887 300 3933 Boemlce
313 3890 387 3934 terrae
400 3886 436 3944 (B.
449 3875 561 3947 replentis:
573 3887 656 3936 dunat
669 3887 836 3947 Μάσητι).
856 3889 940 3935 losa:
953 3888 1003 3936 ltex
1012 3889 1178 3936 —celebrauit
1190 3887 1237 3946 (ubi
1248 3891 1325 3936 tumen

194 3972 219 4018 in
230 3972 313 4019 dunel.
327 3971 474 4033 Megdeburg.
487 3973 557 4020 uerba
569 3977 593 4020 et
604 3987 686 4020 sensus
698 3973 821 4032 mutilata).
840 3973 927 4031 Quibus
936 3974 1069 4034 tngmentle
1078 3975 1222 4022 Aunelistsm
1234 3975 1325 4036 caepim

195 4071 223 4104 ex
240 4054 422 4115 allicientibus,
440 4059 549 4108 edorum
564 4060 675 4120 imprium
692 4063 716 4106 et
728 4059 782 4108 vin
799 4060 823 4108 S.
837 4059 968 4108 Godehardi
984 4059 1068 4108 heusis
1084 4061 1261 4120 mnrposatsrs,
1278 4073 1325 4108 uon

195 4143 294 4201 mireris;
308 4145 388 4190 contra
400 4143 484 4190 dunel.
497 4143 643 4204 bisgdeburg.
657 4146 762 4205 scrIptor,
775 4147 860 4208 quippe
872 4147 911 4206 qui
922 4145 1041 4194 breuitatis
1056 4146 1193 4202 studiosior,
1208 4160 1237 4192 ne
1249 4147 1325 4193 omnin

194 4229 298 4290 quidem,
310 4242 369 4290 quae
380 4229 405 4275 in
417 4229 481 4276 lente
493 4230 595 4286 inuenit,
608 4231 743 4291 exscripsit,
756 4234 779 4277 et
791 4245 818 4278 eo
830 4232 882 4292 ipso
894 4231 930 4278 bis
942 4231 980 4277 uel
992 4245 1083 4278 sensum
1095 4229 1196 4278 laissrdt.

244 4305 266 4372 ²)
283 4315 342 4361 llum
358 4313 442 4362 dunel.
454 4313 603 4374 Magdeburg.
618 4315 751 4376 scriptorem
769 4330 816 4363 non
834 4331 861 4363 ex
873 4316 994 4364 inusitata
1009 4315 1126 4373 hausisse,
1143 4331 1195 4364 cnm
1212 4317 1324 4365 recentio-

193 4398 256 4446 ribus
268 4413 310 4459 epc
322 4413 413 4461 quoque
426 4401 513 4448 suine:
