3110 5022
727 247 766 312 31

185 457 326 520 secundis
341 463 440 517 autem
456 457 622 528 decretum,
646 461 678 517 ut
698 454 814 516 similes
830 473 932 516 eorum
948 459 1140 514 causaeante
1157 454 1307 533 principes

184 567 236 622 aut
254 567 323 621 ante
339 560 463 620 missum
480 555 665 638 imperialem
682 559 848 620 finirentur.
885 556 1041 636 capitanei
1058 556 1147 633 igitur
1162 574 1307 634 provoca·

184 665 258 724 bant
272 683 290 722 a
304 663 450 741 principis
473 661 582 722 iudicio
598 662 634 722 ad
650 663 750 741 ipsum
766 663 995 740 imperatorem,
1018 659 1210 720 ualuaseores
1226 679 1244 718 a
1259 677 1306 718 ca·

185 764 421 844 pitanciiudicio
437 764 474 845 ad
498 763 652 847 principes
668 765 716 824 uel
733 765 842 825 missos
858 761 1046 842 imperiales,
1069 762 1148 821 baud
1166 762 1255 822 dubie
1270 779 1307 820 ne
1358 746 1363 756 ’

184 869 306 929 nimium
321 873 650 944 augereturcausarunr
668 885 808 928 numerus
823 868 852 927 in
868 867 938 946 ipsa
953 866 1021 927 aula
1036 864 1236 942 agendarum„

249 971 372 1031 Talibus
382 971 544 1049 imperator
559 989 625 1030 cum
640 971 838 1031 uassallorum
855 969 1090 1030 iurisdictionem
1106 969 1242 1043 rexisset,
1255 968 1306 1027 ad·

186 1075 258 1134 iecit
269 1075 365 1152 legem
383 1074 419 1135 de
436 1073 648 1136 beneficiorum
665 1075 728 1134 iure
743 1073 934 1134 hereditario.
957 1071 1022 1148 Qua
1037 1072 1135 1133 omnia
1151 1077 1180 1131 ct
1195 1071 1307 1152 capita·

186 1195 307 1238 neorum
324 1181 354 1236 et
374 1177 583 1238 ualuassorum
603 1169 748 1237 beneficia
763 1176 943 1236 hereditaria
958 1175 1120 1247 constituit,
1144 1174 1230 1234 etita
1245 1173 1307 1250 qui·

186 1279 268 1354 dem,
289 1283 399 1353 utnon
425 1279 520 1338 solum
543 1284 657 1358 patrem
681 1278 749 1352 tilii,
771 1278 825 1340 sed
841 1283 957 1338 mortuo
973 1277 1034 1336 filio
1051 1283 1176 1355 nepotes
1191 1293 1308 1353 quoque

188 1386 383 1458 sequerentur
396 1400 484 1440 auum
501 1401 557 1461 pro
573 1389 658 1460 parte
671 1381 776 1460 patris,
794 1381 948 1444 deficiente
964 1381 1044 1440 omni
1057 1381 1151 1458 stirpe
1167 1379 1309 1448 masculo,

188 1485 295 1544 tratres
318 1490 512 1562 sequerentur
534 1485 642 1544 tratres
662 1484 788 1561 legitimi
813 1503 847 1544 ex
870 1489 955 1564 patre
979 1483 1009 1542 in
1025 1483 1069 1543 eis
1085 1482 1203 1560 quidem
1220 1482 1308 1541 bene·
1340 1548 1342 1552 ,

186 1585 271 1660 ficiis,
286 1603 361 1664 quae
371 1587 429 1646 iam
443 1587 871 1666 acommunipatrepossessa
883 1580 1031 1665 essent¹)..
1040 1586 1141 1646 Vetuit
1153 1590 1309 1663 praeterea

186 1688 358 1768 Comedus,
382 1708 419 1750 ne
443 1689 522 1750 ullus
544 1690 645 1750 senior
659 1690 697 1750 de
713 1708 834 1750 suorum
850 1690 975 1750 militum
991 1689 1146 1750 beneficiis
1163 1688 1308 1748 cambium

185 1799 238 1852 aut
253 1793 416 1871 precariam
433 1797 486 1852 aut
500 1793 634 1860 libellum
649 1793 747 1854 lacere
763 1798 978 1872 praesumeret,
995 1810 1070 1853 neue
1085 1811 1104 1851 a
1119 1791 1216 1864 bonis,
1233 1807 1309 1867 quae

186 1894 385 1973 proprietario
405 1895 468 1955 iure
491 1901 543 1956 aut
563 1914 618 1975 per
640 1901 802 1975 praecepta
822 1901 873 1956 aut
896 1913 951 1974 per
970 1900 1081 1956 rectum
1099 1893 1229 1954 libellum
1246 1892 1309 1976 siue
1344 1971 1346 1974 Ι

186 2015 241 2076 per
255 1998 418 2075 precariam
434 1999 477 2059 illi
492 2005 638 2074 tenerent,
654 1999 762 2059 iniuste
779 2017 831 2059 eos
847 1999 1005 2059 disuestire
1020 1997 1153 2058 auderet.

250 2099 385 2178 Denique
407 2099 563 2162 conradus
585 2101 736 2180 pollicitus
759 2108 815 2175 est,
838 2097 955 2162 fodrum
977 2101 1040 2162 siue
1061 2117 1209 2159 annonam
1232 2097 1309 2156 mili-

187 2208 283 2262 tarem
305 2220 413 2281 quaec
434 2204 567 2264 castellis
594 2203 825 2282 imperatoribus
848 2204 877 2264 in
905 2203 1094 2283 expeditione
1120 2200 1310 2262 uersantibus

190 2307 386 2384 competebat,
394 2301 483 2366 ‘nullo
499 2306 588 2368 modo
604 2324 637 2367 se
653 2325 721 2367 esse
737 2313 901 2368 aucturum.

251 2407 353 2468 Edicto
372 2408 430 2469 hoc
451 2411 480 2468 b.
497 2409 563 2469 Kal.
578 2409 647 2469 lun.
670 2410 760 2498 etiam
780 2415 857 2484 tum,
881 2411 929 2487 ,in
954 2409 1112 2470 obsidione
1128 2404 1307 2467 Mediolani“

190 2509 285 2582 edito,
308 2511 365 2572 bac
379 2511 448 2589 ipsa
463 2511 511 2572 die
526 2513 688 2590 imperator
702 2511 787 2573 urbis
802 2513 1023 2573 conclusionem
1039 2511 1157 2571 uidetur
1172 2510 1310 2570 soluisse.

188 2611 335 2674 Postridie
352 2615 444 2688 enim,
466 2614 495 2675 b.
513 2633 538 2676 e.
561 2615 609 2675 die
630 2615 778 2676 dominica
801 2622 922 2676 sanctae
942 2619 1134 2694 pentecostes
1163 2613 1310 2685 exercitus

188 2714 247 2774 iam
275 2719 404 2778 castrum
434 2717 583 2794 quoddam
613 2716 643 2779 S.
671 2718 824 2778 Ambrosii
850 2716 1004 2778 curbitum
1020 2715 1129 2791 (nunc
1154 2714 1310 2790 Gorbeus)

188 2817 300 2878 dietum
330 2819 462 2894 obsedit,
494 2819 572 2896 quod
602 2838 621 2879 a
646 2819 815 2882 Mediolano
845 2820 986 2880 tredecim
1017 2819 1137 2880 milibus
1166 2836 1310 2898 passuum

188 2921 300 2982 distare
321 2922 533 2983 animaduertit
553 2917 707 2998 Giulini2).
739 2923 796 2983 llic
817 2923 941 3000 contigit
956 2921 1034 2999 quod
1051 2922 1134 2982 multi
1152 2939 1207 3000 pro
1223 2921 1310 2980 mira-

190 3023 257 3084 culo
285 3024 461 3086 babuerunt.
507 3023 580 3087 Cum
603 3027 679 3086 enim
702 3026 865 3105 imperator
888 3029 1009 3086 ornatus
1033 3025 1156 3084 missam
1185 3024 1311 3096 audiret,

190 3143 278 3202 quam
295 3126 394 3188 Bruno
410 3127 572 3206 episcopus
588 3127 753 3188 Mindensis
769 3147 866 3206 nuper
886 3129 982 3188 lactus
998 3128 1026 3186 in
1044 3127 1170 3206 paruula
1186 3127 1312 3188 ecclesia

188 3228 326 3298 canebat,
354 3228 453 3290 subito
475 3229 512 3290 de
535 3249 644 3307 magna
659 3230 733 3291 coeli
757 3230 917 3291 serenitate
938 3230 1062 3290 fulmina
1085 3249 1150 3289 cum
1173 3228 1311 3290 tonitruis

188 3338 354 3410 eruperunt
367 3335 468 3392 tantae
483 3332 678 3406 tortitudinis,
701 3339 733 3392 ut
749 3351 842 3412 supra
857 3331 1013 3410 sexaginta
1027 3332 1163 3393 homines
1179 3332 1313 3411 perirent

188 3433 218 3493 in
240 3434 348 3494 castris
370 3440 400 3495 et
425 3453 551 3512 magnus
578 3453 721 3514 equorum
747 3436 796 3497 uel
821 3437 1018 3498 iumentorum
1041 3453 1191 3496 numerus.
1234 3433 1311 3510 Quin
1383 3483 1415 3508 .,

240 3681 261 3748 ¹)
278 3689 328 3738 lloc
340 3691 373 3737 ita
384 3705 529 3751 expressum:
544 3693 585 3750 „si
597 3692 791 3755 lcdeabiaticum
804 3691 829 3751 (i.
841 3708 861 3740 e.
873 3691 989 3754 nepotem)
1003 3699 1031 3739 ex
1042 3693 1090 3740 iilic
1102 3707 1149 3740 non
1161 3693 1279 3753 reliquerit
1290 3695 1314 3738 et

187 3773 282 3822 tratrem
293 3775 419 3835 legitimum
436 3791 464 3823 ex
475 3779 540 3837 perte
556 3779 629 3838 petris
640 3777 757 3835 habuerit,
775 3780 794 3826 si
811 3781 924 3826 seniorem
935 3779 1047 3826 offensum
1058 3779 1150 3835 babuit,
1167 3783 1191 3826 et
1207 3779 1251 3826 sibi
1262 3779 1313 3825 uult

190 3861 320 3908 satisfecere
327 3862 548 3920 ermileseiuseffiet
558 3864 700 3921 beneficium,
711 3866 773 3925 qnod
782 3866 855 3926 patris
867 3866 903 3912 sui
914 3863 979 3922 (dod.
986 3865 1050 3912 Gan:
1064 3880 1100 3925 ,p.
1114 3864 1197 3912 suinai
1206 3862 1310 3922 tratris“)

191 3945 280 3993 babeat.
303 3947 345 3995 Hic
358 3949 444 3995 codicis
457 3949 566 3996 canensis
579 3950 714 4010 scripturam
726 3951 750 3996 in
761 3953 848 3998 textum
861 3964 912 3997 esse
923 3951 1077 4010 recipiendam
1089 3963 1155 3996 nemo
1167 3964 1213 3996 non
1224 3951 1296 3996 uidet.

242 4023 263 4089 2)
281 4033 341 4080 (iiul.
354 4033 394 4080 111.
408 4035 465 4080 821.
490 4033 552 4090 Quae
563 4035 665 4094 proxime
677 4038 797 4092 secuntur,
811 4037 902 4082 narraui
914 4036 1039 4082 secundum
1052 4033 1172 4094 Wiponem
1185 4032 1244 4094 (cap.
1258 4033 1312 4092 36);

189 4118 456 4166 Annul.Sen.Gell.mai.
469 4120 541 4175 10³7,
552 4119 701 4166 Hilderbeinr.
713 4123 777 4168 1037
784 4139 789 4178 ς
802 4112 873 4168 Gesta
881 4123 952 4182 episc.
963 4122 1071 4169 (temerae
1085 4121 1124 4166 lll.
1133 4120 1176 4176 553
1187 4121 1265 4166 Arul.
1274 4121 1312 4177 14,

189 4216 285 4262 qnorum
296 4204 429 4250 testimonia
440 4205 525 4264 optime
538 4206 691 4252 consentiunt.
718 4205 792 4252 Etiam
805 4205 932 4254 Landulius
946 4204 984 4264 (ll.
998 4205 1040 4264 ab)
1058 4207 1086 4252 de'
1103 4206 1146 4252 bac
1162 4220 1186 4251 re
1202 4207 1312 4261 audieret,

189 4301 295 4350 peruerse
308 4293 384 4336 tamen
396 4289 520 4349 subiungit,
534 4291 602 4338 etiem
615 4290 767 4349 cunihildem
784 4292 885 4340 Heinrici
898 4292 937 4338 111.
950 4307 1056 4349 uxorem,
1073 4292 1110 4338 bic
1127 4305 1177 4337 esre
1194 4293 1312 4338 mortuam.

190 4373 251 4421 Obiit
263 4376 323 4422 enim
336 4365 425 4422 demum
438 4390 498 4422 enne
510 4377 623 4437 sequenti,
636 4391 681 4438 quo
694 4377 761 4424 etiam
774 4377 925 4424 lierimannus
939 4378 1065 4425 Suenorum
1078 4379 1124 4424 dux
1136 4377 1258 4425 defunctus
1270 4379 1313 4424 est.
