3110 5022
654 281 858 380 ..Δὶ-7....

194 498 308 554 xerunt.
339 491 427 570 wipo
447 497 565 564 narrat,
585 509 639 558 eos
659 491 766 552 iterum
782 490 989 552 ualuassomm
1005 490 1121 550 animos
1137 489 1317 550 exhortatio·

194 595 282 656 nibus
298 600 329 658 et
342 595 475 656 consiliis
492 595 613 673 placare
628 593 790 656 studuisse.
814 593 902 654 Haud
918 593 1007 653 dubie
1020 593 1139 653 irustra.
1164 592 1237 652 Tum
1250 592 1316 652 Ari·

195 697 296 759 bertus
319 699 444 760 collecto
457 697 598 776 undique
621 697 750 758 exercitu
776 701 879 757 contra
901 713 954 756 cos
976 711 1156 774 progressus
1186 699 1241 755 est.
1281 695 1318 754 llt

194 819 260 860 cum
274 801 319 861 illi
334 801 451 862 iortiter
464 799 502 861 ad
517 799 718 862 resistendum
736 817 768 860 se
785 787 1008 878 praepararent,
1024 804 1228 858 conuenerunt
1245 798 1317 857 utri·

193 904 296 981 quein
312 921 464 981 eampum,
486 904 537 981 qni
553 903 647 963 llalus
663 901 834 974 dicebatur,
856 919 951 981 prope
968 900 1105 974 Monam,
1128 901 1225 961 locum
1241 899 1318 960 inter

195 1005 393 1066 Mediolanum
422 1011 453 1066 et
476 1004 607 1066 Laudem
636 1004 741 1074 situm,
770 1003 871 1082 ibique
893 1023 929 1064 ex
952 1008 1076 1081 utraque
1101 1008 1186 1082 purte
1207 1021 1318 1080 magna

194 1115 312 1185 strages
334 1108 420 1169 iacta·
434 1113 489 1168 est.
528 1100 563 1167 In
584 1107 805 1167 interfectorum
830 1124 953 1167 numero
977 1106 1066 1167 etiam
1083 1105 1241 1166 Adelricus
1263 1106 1319 1168 init

193 1211 355 1289 episcopus
370 1209 526 1283 Asiensis,
549 1210 633 1270 cuins
655 1208 807 1282 interitus,
828 1215 861 1270 nt
875 1209 1018 1270 Amulius
1033 1209 1121 1280 dicit,
1146 1209 1317 1270 certaminis

193 1315 290 1373 iactum
301 1319 349 1374 est
362 1313 515 1374 terminus.
539 1312 614 1373 'lum
629 1311 667 1372 ad
684 1313 807 1391 propria
821 1312 1015 1385 diuerteruut,
1033 1311 1209 1372 secundiore
1223 1312 1316 1372 llarte

192 1416 385 1476 ualuassores
401 1415 561 1476 comitante
570 1411 603 1491 ¹).

257 1517 380 1596 Vtrique
395 1519 510 1578 interea
523 1517 562 1578 ad
578 1517 747 1579 Conradnm
763 1519 976 1596 imperatorem
993 1518 1238 1596 prouocauerant.
1262 1517 1316 1578 At·

192 1640 250 1698 qne
265 1621 393 1700 primum
410 1621 531 1698 quidem
544 1621 746 1691 ualuasscres,
762 1621 897 1682 dicentes
920 1620 965 1696 ,si
980 1621 1144 1699 imperator
1158 1619 1252 1682 nollet
1265 1639 1316 1680 ne·

193 1723 266 1797 nire,
282 1723 368 1803 ipsos
384 1741 438 1802 pur
453 1741 486 1784 se
501 1723 598 1801 legem
615 1722 673 1784 sibi
690 1741 757 1784 esse
773 1721 936 1785 tacturos.“
966 1723 1121 1801 Principes
1137 1728 1236 1784 autum
1253 1727 1316 1782 tum

192 1826 327 1898 demum,
349 1845 414 1886 cum
430 1825 593 1898 uidissent,
614 1843 647 1886 se
662 1825 728 1886 sine
743 1825 850 1885 alienis
864 1824 982 1886 auxiliis
999 1824 1072 1886 nihil
1089 1829 1193 1886 contra
1208 1825 1316 1884 milites

192 1928 365 2004 effecturum
393 1934 456 1988 tum
479 1928 602 1988 nimium
626 1929 742 1989 coniusi
764 1927 925 1988 aduentum
945 1927 1134 2007 imperatoris
1155 1945 1245 2004 aegre
1266 1945 1315 1987 ex·

193 2024 413 2112 spectabautl).

255 2133 329 2194 Inde
349 2153 368 2194 a
387 2132 535 2195 Stenzelio
555 2133 630 2194 satis
651 2139 784 2207 constat,
812 2133 981 2196 conradum
1002 2133 1152 2194 nassallns
1175 2133 1315 2206 minores,

191 2236 346 2298 inieriores
359 2237 478 2298 omnino
489 2237 593 2316 populi
601 2236 721 2297 ordines
730 2235 909 2298 arctioribus
917 2235 1045 2297 uinculis
1056 2235 1120 2312 regi
1134 2234 1315 2312 coniungere
1421 2251 1424 2256 ·

191 2356 279 2433 qnam
303 2339 428 2399 maxime
451 2339 613 2400 studuisse.
652 2336 794 2418 Apertam
818 2339 939 2416 quidem
961 2343 1064 2422 contra
1087 2343 1313 2400 antecessorum

191 2459 313 2503 suorum
329 2442 489 2521 priuilegia
503 2443 713 2516 rebellionem,
729 2443 808 2504 sicut
823 2440 986 2504 Cremonae
1002 2442 1081 2502 iacta
1096 2441 1315 2520 erat-probare

192 2561 249 2606 non
270 2545 381 2623 potnit3
406 2544 495 2622 longe
515 2545 603 2607 aliter
623 2563 671 2606 res
693 2563 762 2606 sese
783 2543 929 2616 habebat,
952 2561 1019 2604 cnm
1039 2544 1087 2606 lex
1101 2549 1216 2604 tantum
1231 2542 1317 2604 firma
1358 2539 1360 2544 ’

191 2646 370 2724 stabilisque
386 2652 568 2726 posceretur.
598 2648 662 2708 Iam
678 2653 767 2709 antea
782 2648 812 2708 iu
828 2645 989 2708 Germania
1008 2646 1132 2707 militum
1148 2647 1264 2708 animos
1279 2663 1315 2706 eo

190 2748 313 2809 multum
326 2754 496 2824 attraxerat,
507 2749 606 2827 „quod
619 2750 742 2828 antiqua
757 2750 901 2810 beneficia
916 2756 1071 2829 parentum
1087 2749 1196 2810 nemini
1213 2754 1315 2828 poste·

191 2870 293 2912 nomm
306 2851 416 2912 auierri
433 2849 676 2928 sustinuerat“³).
716 2851 792 2928 Quid
809 2852 900 2930 igilur
914 2853 1031 2927 mirum,
1046 2871 1113 2914 enm
1129 2852 1218 2912 etiam
1233 2850 1315 2911 Itali·

191 2971 292 3014 corum
307 2954 515 3016 ualuassornm
536 2956 643 3016 studiis
664 2956 723 3016 iam
744 2962 806 3016 tom
828 2955 956 3031 fauisse,
979 2956 1009 3016 id
1025 2955 1105 3034 quod
1122 2955 1209 3036 Wipo
1225 2972 1315 3016 uersu
1338 2966 1340 2971 ’

190 3056 330 3132 quodam,
347 3064 429 3118 certe
444 3076 503 3118 uon
519 3059 557 3119 ab
572 3060 762 3138 imperatore,
779 3059 832 3120 sed
848 3077 867 3119 a
882 3059 1028 3137 scriptore
1044 3058 1193 3138 proiecto,
1208 3058 1252 3117 iia
1266 3075 1315 3117 ex·

190 3159 306 3237 primite
331 3159 382 3235 ,si
397 3159 487 3222 ltalia
502 3161 591 3221 modo
607 3163 701 3222 esurit
715 3162 823 3238 legem,
839 3161 1021 3223 concedente
1033 3161 1096 3222 Deo
1108 3161 1184 3222 bene
1197 3161 1314 3238 legibus

188 3261 268 3322 hanc
283 3262 431 3324 satiabo“.
455 3263 636 3342 Praeparata
650 3265 742 3342 igitur
757 3264 961 3343 expeditione,
978 3261 1057 3326 circa
1071 3263 1159 3324 linem
1175 3281 1202 3324 a.
1224 3265 1314 3335 1036,

190 3383 257 3425 cnm
272 3365 413 3426 Heinrico
429 3367 491 3428 lilio
507 3373 537 3428 et
552 3385 662 3444 magno
678 3367 766 3428 simul
782 3369 912 3428 exercitu
927 3367 1045 3428 Italiam
1061 3365 1191 3426 intrauit.
1215 3364 1315 3426 Natali

113 3486 147 3532 ·.
190 3467 307 3528 Domini
323 3467 458 3529 Veronae
479 3470 629 3530 celebrato
649 3469 719 3530 indo
739 3487 795 3548 per
810 3469 940 3530 Brixiam
962 3475 993 3531 et
1007 3468 1183 3530 Cremonam
1201 3465 1313 3530 Medio·

190 3570 291 3632 lanum
313 3570 409 3646 uenit,
433 3571 484 3632 nbi
504 3572 542 3632 ab
563 3572 711 3633 Ariberto·
728 3571 759 3632 in
780 3573 908 3634 ecclesia
931 3571 960 3634 S.
982 3572 1143 3636 Ambrosii.
1157 3570 1314 3648 magnifice

241 3803 262 3867 ¹)
280 3809 348 3871 Wipo
360 3825 411 3871 cap.
423 3812 464 3858 84.
482 3811 578 3858 nm.11.
592 3813 632 3858 11.

239 3887 261 3952 ²)
279 3895 405 3956 Praecipue
416 3895 564 3958 bicWiponis
581 3895 754 3944 ratiobabenda
767 3901 824 3954 eret,
847 3898 888 3954 eis,
906 3910 964 3958 quae
981 3897 1005 3944 in
1021 3897 1166 3957 imperatoris
1182 3896 1235 3944 aula
1250 3910 1313 3955 gere-

188 3981 278 4038 bantur,
292 3981 432 4029 hauddubie
441 3983 649 4048 optimeinrirncti.
668 3983 752 4030 contra
762 3983 852 4030 iruuld
862 3981 938 4044 (quem
949 3983 1052 4043 sequitur
1061 3982 1243 4030 Gioeebrecbtll.
1254 3981 1313 4040 sis)

188 4067 258 4114 illude
273 4068 388 4128 ,providit
399 4067 585 4129 archiepiscopus
597 4083 679 4116 uocare
690 4083 757 4116 auum
768 4083 783 4115 a
794 4069 915 4118 Germania
926 4065 1062 4116 cassaremu‘.
1070 4066 1098 4126 (1.
1114 4068 1153 4126 12)
1171 4069 1241 4128 magis
1260 4083 1313 4116 con-

188 4155 276 4200 iectura
287 4167 354 4216 qua·
367 4154 463 4201 sinceris
474 4155 562 4202 notitiis
574 4155 617 4201 niti
629 4155 743 4202 uidentur.
767 4155 835 4202 ceso
848 4155 892 4202 iam
904 4157 954 4202 inm
965 4155 1064 4202 amicitia
1077 4157 1137 4202 iuter
1148 4155 1278 4202 dcundum
1290 4158 1314 4202 et

189 4238 318 4286 tribonium
338 4253 385 4286 nou
405 4243 458 4287 erat
475 4239 553 4290 druna.
576 4241 621 4287 imo
639 4241 770 4288 Boniiacins
792 4240 892 4288 marchio
909 4242 1007 4302 primum
1026 4242 1087 4289 iuter
1102 4241 1181 4289 ltaliae
1197 4242 1313 4302 principer

188 4324 264 4372 locum
276 4325 338 4386 apud
351 4326 480 4373 dcundum
492 4325 592 4374 tenebat.
617 4326 667 4384 Quo
678 4327 707 4374 da
719 4342 744 4374 re
754 4327 822 4388 plura
833 4341 869 4388 ap.
881 4326 1030 4376 Giesebreolni
1041 4328 1069 4375 ll.
1083 4329 1141 4375 310.

241 4403 262 4468 ³)
280 4410 347 4470 Wipo
360 4425 410 4472 cap.
424 4413 451 4469 63
464 4410 504 4458 cir.
518 4411 611 4460 Sisnxel
624 4412 641 4458 l.
656 4413 700 4470 ce,
714 4412 861 4460 (liceobreclri
873 4412 901 4459 ll.
914 4414 971 4460 310.
