3110 5022
742 237 783 300 42

658 325 863 333 -—.—.-

200 451 351 523 expsrtae‚
369 447 491 506 ueniunt
506 446 544 504 ab
559 451 687 522 augusto
704 446 804 522 legati,
820 452 957 524 treguam
972 446 1176 507 inuiolabilem
1191 446 1323 508 iudicen-

200 553 256 623 tes‚
272 566 360 627 quam
376 549 468 609 totius
484 549 567 625 regni
583 549 692 610 uirtute
708 556 739 610 et
753 549 895 610 conscilio
911 549 1099 611 iureiurando
1116 547 1322 610 confirmaet“.

200 649 331 727 Quorum
348 649 489 730 princeps
504 651 585 712 haud
601 651 691 712 dubie
706 651 762 712 luit
776 651 968 729 Adalgarius.

265 754 351 814 Anno
368 753 475 814 deinde
492 754 629 830 sequenti
644 752 769 829 (1045.)
784 753 942 815 Heinricus
957 773 1010 815 rex
1024 754 1179 831 Augustae
1190 753 1324 815 Vindeli-

200 875 300 918 corum
313 856 579 934 Longobardorum
593 862 772 917 conuentum
784 857 888 918 habuit
900 861 930 917 et
942 875 1008 917 cum
1021 856 1134 918 eisdem
1146 857 1227 918 illius
1238 855 1323 934 regui

200 977 249 1020 res
265 954 459 1038 disposuit1).
495 959 537 1019 lix
553 959 707 1031 omnibus,
732 977 808 1037 quae
830 965 1057 1038 praecesserant
1075 965 1106 1020 et
1125 977 1201 1038 quae
1222 965 1325 1021 secuta

200 1069 286 1135 sunt,
308 1062 338 1122 id
355 1079 445 1122 unum
460 1061 539 1122 haud
556 1062 704 1122 immerito
721 1062 866 1132 conicias,
889 1079 950 1122 non
965 1061 1063 1140 plebis
1079 1062 1132 1123 sed
1156 1061 1323 1141 principum

199 1166 229 1224 in
244 1165 377 1225 fauorem
393 1163 471 1224 hanc
487 1163 704 1225 ordinationem
721 1183 789 1226 esse
804 1165 923 1225 laetam.
955 1164 1032 1236 Non,
1049 1170 1082 1224 ιιι
1093 1170 1187 1244 pater,
1206 1163 1323 1225 Heinri-

201 1285 254 1328 cus
274 1265 430 1328 inferiores
451 1266 555 1344 populi
578 1266 699 1328 ordines
721 1267 780 1329 sibi
801 1267 963 1344 adiungere
987 1266 1116 1341 curauit;
1136 1284 1196 1328 uon
1211 1265 1278 1344 lege
1294 1271 1325 1328 et

199 1369 344 1431 institutis
359 1389 458 1430 rerum
474 1369 566 1431 statui
582 1370 815 1431 accommodatis
832 1371 974 1449 populum
989 1389 1021 1431 re
1037 1388 1110 1431 uera
1124 1369 1244 1448 placare
1260 1375 1323 1430 stu·

200 1472 278 1544 duit3
296 1473 410 1550 potenti
426 1472 549 1533 arbitrio
566 1491 633 1534 eum
648 1475 820 1551 prostrauit.
850 1472 955 1551 ltaque
970 1473 1081 1534 tactum
1097 1478 1158 1548 est,
1173 1478 1207 1532 ut
1221 1490 1323 1550 quam·

199 1575 250 1636 diu
266 1575 381 1634 uiueret
397 1573 483 1652 plebs
497 1575 614 1652 quidem
631 1575 808 1653 quiesceret,
824 1575 878 1636 sed
894 1576 944 1636 nix
955 1575 1093 1636 defuncto
1106 1592 1141 1635 eo
1154 1573 1324 1635 caecissimi

198 1678 243 1738 illi
255 1683 466 1756 patarenorum
478 1678 623 1738 tumultus
635 1685 836 1739 nascerentur.
859 1679 933 1738 Tum
945 1683 1043 1740 autem
1057 1695 1115 1738 non
1126 1677 1323 1756 imperatores

200 1781 328 1854 luerunt,
344 1781 393 1858 qui
409 1781 466 1840 hos
483 1787 513 1840 et
527 1787 666 1858 regerent
681 1787 711 1841 et
726 1782 774 1842 uel
791 1782 821 1842 in
837 1799 923 1841 usum
936 1799 1022 1842 suum
1036 1785 1253 1852 conuerterant,
1269 1779 1323 1840 sed

200 1883 358 1962 pontifices
374 1884 514 1944 Romani:
537 1884 660 1944 libertus
678 1885 795 1944 urbium
812 1883 983 1944 Italicarum
1004 1901 1070 1943 cnm
1090 1883 1138 1943 bie
1159 1882 1323 1954 coniuncte,

199 1987 260 2047 illis
277 1986 406 2047 effloruit
420 1986 563 2058 aduersa,
587 1985 616 2046 id
633 1987 712 2063 quod
730 1985 947 2065 posterioribus
962 1985 1193 2064 imperatoribus
1209 2001 1323 2046 summo

200 2090 294 2150 luisse
310 2089 418 2148 damno
434 2105 520 2150 nemo
536 2088 662 2165 ignorat.

265 2193 421 2252 Aribertus
444 2197 543 2252 autem
565 2191 624 2251 iam
647 2192 727 2252 circa
749 2191 838 2252 finem
862 2190 1187 2252 a.1044.lllodoetiae
1211 2189 1324 2265 degens

201 2296 307 2355 iterum
320 2296 406 2371 graui
418 2296 521 2356 morbo
534 2313 695 2372 percussus
711 2300 766 2356 est.
790 2293 923 2372 Cumque
937 2293 974 2354 ad
987 2301 1112 2354 mortem
1125 2311 1158 2354 se
1169 2296 1324 2368 aegrotare

201 2397 343 2469 uidisset,
365 2396 484 2458 condito
500 2398 587 2457 tertio
603 2403 797 2472 testamento,
819 2415 877 2474 quo
896 2403 1040 2474 cognatos
1057 2413 1128 2457 suos
1144 2401 1175 2456 et
1189 2411 1324 2473 praeser-

200 2499 253 2558 tim
270 2497 448 2560 Gariardnm
464 2499 563 2571 illum,
579 2499 617 2560 de
633 2517 690 2577 quo
707 2517 800 2577 supra
814 2499 959 2572 diximus,
977 2499 1115 2560 omuibus
1131 2497 1175 2558 eis
1191 2495 1323 2566 donauit,

201 2619 277 2679 quae
293 2603 456 2663 Antimiaui
473 2597 691 2682 possideret²)‚
713 2601 750 2662 ad
772 2603 875 2662 urbem
897 2619 929 2662 se
946 2601 1055 2662 deterri
1069 2601 1172 2676 iussit,
1192 2599 1244 2661 ubi
1259 2616 1324 2658 eum

200 2704 361 2782 aliquantis
377 2705 544 2782 languisset
559 2705 665 2766 diebus
682 2707 728 2764 17.
746 2705 809 2764 Kal.
827 2704 969 2766 Februar.
986 2722 1013 2764 a.
1031 2705 1120 2766 1045.
1137 2698 1248 2776 obite).
1271 2701 1324 2763 Se·

201 2807 303 2886 pultus
319 2799 418 2869 cst'ad
435 2806 464 2869 S.
480 2807 671 2886 Dionysium,
693 2808 743 2868 ubi
762 2807 830 2886 ipse
846 2808 968 2884 elegans
983 2806 1161 2867 fundauerat
1175 2809 1324 2866 monaste·

200 2911 286 2972 rium.
311 2911 401 2972 Plura
415 2911 452 2971 de
469 2910 534 2971 eius
550 2910 633 2971 obitu
649 2917 750 2970 narrat
761 2909 934 2986 hrodulfus,
951 2916 1134 2984 nontamen,
1150 2914 1184 2970 ut
1197 2907 1325 2978 uidetur,

201 3015 290 3076 certis
306 3012 509 3074 fundamentis
525 3013 632 3086 bultus3
656 3013 740 3073 naria
755 3031 831 3092 qnae
852 3031 962 3093 corpus
982 3012 1030 3074 uel
1052 3017 1122 3092 post
1141 3011 1326 3089 sepulturam

200 3115 270 3176 tulit
283 3117 345 3176 lata
360 3118 527 3178 accuratius
543 3116 620 3176 idem
637 3112 814 3198 exposuit‘).
1146 3120 1150 3130 “

265 3219 359 3280 Nemo
381 3238 416 3280 ex
436 3219 673 3297 archiepiscopis
695 3219 967 3280 Mediolanensibus
989 3225 1073 3278 tanta
1096 3216 1232 3296 potentia
1252 3233 1325 3276 usus

202 3327 257 3392 est,
274 3339 333 3398 qua
348 3323 504 3382 Aribertus
519 3321 589 3382 iude
604 3321 642 3380 ab
659 3341 686 3380 a.
700 3324 789 3382 1026.
803 3339 897 3400 usqne
913 3321 950 3381 ad
967 3341 994 3380 a.
1010 3323 1098 3381 1035.
1112 3327 1141 3380 et
1156 3319 1204 3380 nel
1219 3322 1327 3398 postea

202 3441 297 3502 usque
316 3425 355 3482 ad
376 3427 510 3485 a.1039.
545 3423 657 3486 Contra
676 3425 756 3484 cirea
775 3425 863 3486 finem
885 3425 965 3485 uitae
986 3425 1032 3484 uel
1051 3422 1251 3484 Mediolanum
1271 3438 1326 3481 eno

202 3525 334 3587 dominio
354 3527 431 3587 uidit
451 3527 633 3588 subtractum
656 3545 747 3606 seque
768 3528 867 3606 ipsum
888 3529 974 3605 quasi
997 3528 1027 3586 iu
1048 3526 1135 3586 exilio
1157 3525 1324 3602 degentem.

202 3628 249 3688 Ita
264 3630 400 3706 quamuis
417 3635 447 3690 et
462 3630 620 3706 prudentia
636 3637 666 3692 et
680 3631 770 3690 animi
786 3630 959 3692 fortitudine
975 3630 1111 3710 polleret,
1127 3628 1213 3688 firma
1226 3633 1326 3688 tamen

203 3737 232 3792 et
248 3731 369 3793 stabilia
384 3750 441 3792 non
458 3737 615 3792 exsecutus
632 3739 693 3793 est:
718 3734 944 3812 supramodum
962 3749 1113 3809 egressus,
1129 3747 1263 3808 quaeque
1279 3746 1325 3790 se·
1348 3769 1352 3778 ·

203 3835 300 3896 culum
316 3840 455 3912 posceret
468 3835 611 3912 ignoraus
626 3835 713 3896 iustis
730 3835 836 3914 poenis
852 3835 1009 3896 subiacuit.

254 3981 274 4045 1)
292 3989 375 4034 Annal.
387 3988 464 4035 Alteb.
480 3989 551 4036 104⁶.

254 4066 275 4132 ¹²)
294 4074 386 4121 Editum
399 4077 435 4121 est
446 4074 490 4122 hoc
502 4077 594 4124 tertium
606 4079 767 4122 testamentum
780 4090 815 4136 ap.
829 4075 936 4122 Puricelli
946 4089 969 4136 p.
983 4075 1040 4121 414.
1054 4073 1101 4122 Gir.
1115 4075 1171 4121 Am.
1184 4072 1212 4120 11.
1226 4074 1266 4120 ab.

254 4153 275 4219 ³)
293 4160 360 4208 Diem
372 4161 448 4208 obitus
461 4163 619 4220 cognoscimus
632 4176 660 4208 ex
672 4161 800 4222 epitaphio,
818 4163 879 4222 quod
893 4161 967 4208 edidit
978 4160 1063 4208 Ginlini
1076 4157 1125 4218 (111.
1139 4157 1207 4216 331),
1224 4158 1261 4206 cui
1273 4170 1326 4206 ccu-

203 4247 273 4298 rcutit
284 4245 411 4294 baudulfus
423 4245 461 4304 (ll.
475 4245 524 4306 32).

255 4325 276 4395 ⁴)
294 4334 348 4379 Aru.
362 4333 391 4379 ll.
407 4333 630 4390 20;Lmd.11.sa.
644 4335 684 4380 33.
