3110 5022
768 259 809 322 26

683 347 888 356 ——--—-

224 464 380 526 Conradus
401 485 506 527 seuere
521 471 624 527 contra
639 485 691 529 eos
713 467 952 546 progrederetur,
977 453 1083 547 postea
1102 468 1182 530 omni
1204 485 1239 529 ex
1262 474 1347 547 parte

224 568 363 629 uidentur
377 564 570 648 quieuisse¹).

288 671 335 731 lta
356 671 448 748 igitur
467 689 533 732 cunr
556 672 685 734 Ariberti
711 678 810 734 aetate
828 691 878 734 res
899 690 932 734 se
953 673 1114 744 baberent,
1134 673 1204 750 quis
1227 678 1274 733 est
1297 674 1347 751 qui

224 774 355 847 miretur,
376 775 567 835 ualuassores
580 776 719 852 minores,
734 777 814 837 illins
830 775 990 837 seueritate
1005 777 1108 850 iratos,
1125 776 1253 854 primum
1266 775 1346 836 olan·

224 876 290 936 culo
306 876 452 938 aduersus
468 896 535 937 eum
551 879 758 957 conspirasse,
781 879 889 940 deiude
907 884 1060 956 comperta
1076 879 1232 940 occasione
1248 879 1346 939 curius-

223 979 290 1040 dam
315 980 446 1057 potentis
476 980 618 1043 beneficio
642 982 752 1059 priuati
775 983 805 1041 in
828 988 963 1060 apertam
987 981 1151 1042 rebellandi
1177 981 1344 1054 audaciam,

224 1083 326 1160 plures
342 1083 400 1141 iam
417 1083 522 1153 iactos,
539 1084 712 1161 proruisse?
735 1083 821 1160 Quod
838 1084 888 1145 ubi
904 1084 1042 1145 Ariberto
1058 1084 1196 1159 innotuit,
1213 1085 1347 1160 consiliis

223 1186 351 1264 primum
367 1203 469 1246 eorum
490 1185 609 1247 insidiis
624 1187 772 1248 obsistere
788 1192 926 1260 conatur3
946 1187 997 1248 ubi
1014 1204 1084 1248 uero
1105 1187 1147 1248 nil
1162 1187 1295 1266 profluit,
1317 1187 1347 1247 ui

224 1307 276 1348 eos
301 1307 442 1366 superare
469 1289 629 1350 contendit.
675 1290 719 1350 Ac
746 1291 841 1368 primo
868 1290 987 1368 quidem
1015 1291 1175 1351 certamine
1202 1289 1272 1350 uicti
1304 1289 1374 1349 illi·

224 1410 259 1450 ac
280 1389 472 1452 uehementer
493 1392 585 1452 attriti
608 1393 646 1453 ab
663 1393 736 1454 urbe
752 1393 965 1455 discesserunt.
1002 1391 1116 1469 Quibus
1137 1412 1204 1454 mox
1224 1393 1346 1453 comita·

224 1501 305 1554 tuum
322 1494 482 1554 Mediolani
498 1513 516 1554 a
531 1496 734 1573 septentrione
748 1496 921 1557 'uicinorum
944 1495 1114 1574 Septicnsis
1135 1501 1165 1556 et
1180 1495 1346 1556 llartiaam·

224 1598 325 1658 nensis
341 1597 467 1670 milites,
491 1597 599 1658 deinde
616 1599 717 1678 plures
733 1600 818 1676 regni
834 1598 1068 1670 commilitones,
1092 1598 1254 1677 praecipue
1270 1597 1347 1658 Lau·

224 1700 333 1761 denses
354 1692 482 1761 rec'entis
503 1701 627 1762 iniuriae
649 1719 795 1762 memores
812 1701 1028 1775 subuenerunt,
1051 1706 1085 1761 ut
1105 1701 1247 1762 Amulius
1265 1700 1347 1775 dicit,

226 1803 332 1878 ,simul
349 1804 424 1864 mori
439 1804 586 1882 simulque
603 1805 698 1882 parati
713 1801 834 1864 uiuere“
852 1803 906 1878 (lI.
924 1802 986 1878 10).

288 1905 336 1966 Sic
364 1925 431 1966 cum
452 1913 542 1968 antea
567 1907 686 1985 quidem
714 1907 842 1983 singulis
870 1906 900 1966 in
929 1906 1004 1966 locis
1032 1906 1109 1967 tales
1132 1912 1230 1966 motus
1253 1903 1347 1964 exorti

224 2009 361 2084 luissent,
378 2009 508 2070 Ariberti
522 2011 696 2071 austeritate
708 2010 835 2088 primum
849 2009 998 2086 generalis
1011 2009 1207 2070 secundomm
1221 2007 1346 2067 militum

224 2113 331 2174 seditio
353 2119 540 2191 prouenerat.
572 2109 655 2189 Quae
676 2117 861 2191 quantopere
882 2112 1035 2173 bominum
1055 2112 1136 2174 illius
1157 2112 1224 2172 aeui
1244 2109 1347 2172 oculos

223 2215 260 2274 ad
278 2235 310 2276 se
326 2217 515 2286 connectent,
532 2222 673 2294 quantam
688 2215 798 2293 ubique
813 2215 1039 2275 admirationem
1052 2214 1188 2287 mouerit,
1205 2231 1241 2275 ex
1252 2213 1346 2274 omni·

223 2318 290 2391 bus,
300 2335 375 2396 qnae
385 2319 422 2378 ad
432 2337 487 2379 nos
497 2325 705 2398 peruenerunt,
714 2318 893 2397 scriptorum
901 2316 1177 2378 testimoniisiacile
1186 2333 1347 2392 agnocat.

224 2421 270 2480 Ita
286 2420 373 2500 Wipo
391 2419 469 2498 (Vita
484 2421 614 2482 (lhuonr.
631 2439 697 2500 cap.
716 2417 767 2498 ³4)
791 2421 835 2482 sic
851 2419 888 2480 de
909 2438 945 2480 ea
967 2419 1112 2498 loquitur:
1140 2419 1254 2480 llodcm
1273 2424 1348 2478 tem·

225 2541 298 2600 pore
318 2542 428 2600 magna
450 2530 480 2585 et
501 2519 654 2585 modernis
679 2523 866 2602 temporibus
888 2522 1023 2583 inaudita
1048 2522 1182 2589 contusio
1204 2522 1284 2583 lacta
1302 2527 1348 2582 est
1444 2529 1446 2534 '
1550 2511 1551 2518 '

224 2626 329 2686 ltaliae
342 2635 466 2705 propter
477 2627 707 2701 coniurationes,
717 2644 792 2705 quas
804 2627 916 2687 iecerat
928 2626 1058 2705 populns
1071 2631 1175 2686 contra
1184 2624 1348 2704 principes.

223 2729 459 2790 Coniurauerant
479 2730 556 2790 enim
579 2747 683 2791 omnes
705 2730 897 2790 ualuassores
919 2728 1023 2788 Italiae
1044 2733 1074 2788 ct
1093 2727 1222 2805 gregarii
1237 2726 1348 2787 milites

223 2833 368 2894 aduersus
385 2833 521 2894 dominos
538 2851 611 2893 suos
632 2838 662 2892 et
682 2851 786 2892 omnes
802 2832 932 2892 minores
952 2836 1055 2891 contra
1070 2831 1214 2903 maiores,
1235 2834 1268 2888 ut
1289 2847 1347 2890 non

223 2940 396 3012 paterentur
416 2936 527 3013 aliquid
552 2935 611 2995 sibi
630 2935 755 2995 inultum
776 2935 912 2995 accidere
932 2933 1095 2995 adominis
1111 2933 1174 2994 suis
1190 2951 1282 3010 supra
1295 2949 1349 2992 uo·

223 3037 365 3098 lnntatem
382 3039 525 3116 ipsorum.
549 3037 692 3099 Similiter
703 3038 867 3098 monachus
883 3032 944 3096 San
958 3035 1111 3097 Gallensis
1128 3030 1252 3114 (Annal.
1267 3033 1296 3095 S.
1311 3031 1346 3094 G.

223 3141 291 3200 mai.
312 3140 418 3219 1035):
443 3141 560 3202 Foedus
582 3140 699 3201 ualidae
720 3140 933 3200 coniurationis
949 3138 977 3198 in
995 3138 1083 3198 ltalia
1098 3139 1236 3198 exoritur.
1269 3135 1347 3197 Inle-

222 3243 316 3304 riores
338 3261 464 3322 namque
486 3243 594 3306 milites
615 3243 802 3321 superiorum
824 3243 926 3321 iniqua
948 3240 1150 3302 dominatione
1172 3240 1241 3320 plus
1257 3239 1346 3301 solito

223 3347 371 3424 oppressi,
388 3346 476 3406 simul
493 3364 596 3407 omnes
612 3345 672 3407 illis
688 3347 833 3406 resistunt
848 3338 1070 3422 coadunati“²).

288 3447 472 3509 Procedente
488 3450 603 3510 interea
618 3454 753 3526 ternpore
774 3448 912 3508 diuersae
932 3445 1102 3508 Italicorum
1119 3451 1221 3524 partes
1237 3444 1347 3506 clarius
1434 3461 1437 3468 ’

223 3551 312 3612 etiam
328 3552 525 3632 apparebant.
553 3551 664 3624 Contra
679 3551 849 3627 generalem
864 3551 991 3610 militum
1007 3550 1239 3611 coniurationem
1256 3549 1346 3610 etiam

223 3655 431 3734 principes-
455 3654 502 3716 uel
524 3660 604 3716 certe
625 3654 745 3732 quidem
766 3653 896 3715 Ariberti
918 3653 1098 3730 suffraganei
1116 3685 1153 3694 -
1176 3670 1209 3712 se
1225 3650 1346 3712 coniun-

274 3871 295 3934 ¹)
314 3877 360 3924 cfr.
377 3878 466 3924 literae
482 3879 597 3937 adalgarii
614 3877 744 3925 cancellarii
762 3880 785 3924 et
801 3878 864 3924 missi
881 3877 982 3924 Heinrici
999 3875 1038 3922 lll.
1058 3874 1087 3922 ud
1104 3875 1166 3921 ciues
1182 3874 1347 3921 cremonenses

222 3977 261 4023 ap,
272 3962 393 4020 lduratori,
405 3965 561 4025 Antiquitates
574 3964 612 4010 Vl.
626 3965 666 4011 te.

273 4041 348 4107 ²)llx
364 4049 400 4096 his
416 4053 491 4097 sumtu
507 4051 577 4097 uerba
593 4025 677 4096 iterim.
694 4049 723 4096 sd
736 4065 756 4096 a.
771 4050 844 4096 10³5.
873 4048 935 4106 Quae
954 4047 1023 4095 Gesta
1040 4047 1111 4107 spise.
1124 4045 1240 4094 Gamerae
1253 4045 1293 4092 lll.
1306 4047 1346 4102 dt,

223 4134 265 4181 SS.
278 4134 329 4180 Vll.
342 4136 391 4182 487
404 4135 508 4182 tradunt:
525 4137 562 4192 ,id
574 4135 664 4182 consilii
676 4149 726 4182 cum
739 4134 895 4194 langobardis
906 4133 1018 4180 babuerat
1029 4131 1179 4190 (adbertus),
1196 4133 1236 4193 qul
1250 4133 1274 4179 lu
1286 4145 1347 4178 uom-

223 4233 290 4266 muue
302 4221 451 4268 decreuerunt
461 4221 587 4268 iuramento
599 4225 704 4282 potantes
718 4235 768 4268 cum
783 4219 877 4274 infimis,
889 4219 953 4266 nullu
964 4219 1052 4265 ntioue
1064 4233 1089 4265 se
1102 4232 1211 4279 passuros
1223 4217 1348 4279 quemlibet

223 4305 351 4362 domiuum,
369 4306 408 4366 qui
425 4305 488 4353 aliud
501 4321 569 4367 quam
583 4307 670 4354 uellent
681 4309 761 4353 contra
777 4319 817 4352 eus
828 4302 919 4364 ageret⁴‘
933 4304 1038 4365 quamuis
1056 4317 1102 4350 nou
1119 4307 1180 4350 recte
1197 4319 1222 4350 se
1239 4303 1346 4360 babeant,

223 4392 347 4438 ostendunt
360 4395 446 4448 tarncn,
460 4393 527 4438 utinm
540 4393 569 4438 ud
582 4393 739 4450 Lutbaringice
751 4392 809 4438 flues
823 4404 923 4438 rumores
937 4391 964 4436 de
977 4390 1020 4436 hac
1032 4403 1056 4436 re
1068 4390 1208 4450 penituisse.
