3110 5022
734 251 772 317 13

184 467 307 528 adduxit
318 473 350 526 et
364 464 401 525 de
413 462 578 543 improuiso
592 469 720 545 captam
733 462 819 540 quasi
835 479 917 524 reum
930 460 1096 522 maiestatis
1106 457 1315 544 Aquilepenei

181 563 389 652 patriarchae
396 563 636 627 maeodiendnm
647 562 792 626 tradidit.
809 563 923 625 Cutilia
933 559 1124 644 astutefnpa
1136 559 1276 645 elapsae.
1287 607 1311 624 ..

250 670 364 746 Bellum
379 669 463 729 inter
481 662 667 731 Gorelinnm
683 675 711 728 et
733 662 882 728 Votonem
899 665 1081 743 comittitur,
1102 667 1133 726 iu
1151 684 1211 744 qno
1235 659 1312 726 Vota

185 752 289 834 „tea
304 769 570 852 sermonesque
585 768 811 832 sacratarn
826 770 954 848 illucque
971 767 1098 846 diffugit.

628 867 716 954 Wipo
741 891 811 954 cop.
832 866 886 934 35.

249 978 285 1038 ln
300 978 369 1056 ipso
385 977 496 1056 placito
508 975 628 1054 quidam
642 975 730 1052 Hugo
746 991 846 1036 eomes
862 974 957 1035 etalii
974 989 1071 1054 qnam
1082 971 1192 1055 ploret
1204 969 1315 1034 Italici

187 1057 394 1162 applllabant
411 1075 682 1160 archiepiscopum
708 1073 974 1138 Mediolanensem
992 1091 1054 1157 pro
1073 1073 1180 1136 maltis
1197 1075 1313 1152 conen,

187 1182 296 1260 quibus
312 1199 365 1243 eos
381 1182 552 1244 offenderet.
576 1173 828 1260 Imperator'uero
841 1185 947 1240 uocato
963 1174 1202 1260 archiepiscopo
1215 1197 1313 1260 prae·

188 1283 280 1366 cepit,
295 1293 331 1344 at
342 1280 539 1364 eatiefoceret
551 1279 703 1346 constas.
728 1281 812 1359 Quod
826 1283 896 1343 dum
905 1283 1151 1361 archiepiscopus
1164 1289 1312 1356 renueret,

188 1386 466 1465 censitimparator,
483 1404 601 1448 omnem
612 1385 695 1446 illam
708 1386 944 1448 coniurationem
955 1383 1061 1446 Italiae
1076 1385 1173 1464 ipsius
1186 1384 1326 1446 consilio

186 1489 295 1550 iactam
311 1505 389 1552 esse.
420 1488 458 1550 m
479 1507 548 1550 mox
569 1483 788 1570 comprehenso
805 1488 861 1548 ‘illo
883 1488 1006 1562 retinuit
1025 1489 1056 1548 iu
1077 1507 1132 1550 sua
1153 1493 1313 1568 potestate.

187 1590 302 1652 Deinde
332 1589 564 1652 commendauit
589 1609 659 1651 earn
686 1589 721 1650 in
751 1589 925 1652 custodiam
954 1586 1085 1674 Poponi
1108 1585 1316 1673 patriarchae

191 1691 412 1776 Aquilepienet'
425 1700 456 1755 et
470 1694 626 1756 Ohuououi
642 1693 709 1754 duci
725 1693 968 1756 darentauorum.
984 1740 990 1754 .
1005 1737 1011 1752 .
1027 1741 1034 1756 .
1058 1694 1315 1773 Archiepiseopua

189 1795 320 1858 adducto
336 1796 393 1858 sibi
409 1793 593 1877 equofopit.

244 1899 365 1960 ''Eodem
377 1917 456 1960 anno
470 1900 501 1959 in
516 1899 605 1960 Italia
616 1900 678 1959 tres
688 1897 837 1981 epiceopi,
853 1895 1064 1964 Vere-ellonem,
1081 1895 1316 1974 Cremonenec'e,

190 1995 396 2062 Placentinae
419 1999 510 2082 opud
529 1989 752 2082 imperatorem
774 1987 1030 2078 aromaticam,
1053 2020 1129 2080 quos
1152 2002 1317 2081 imperator

189 2100 426 2186 cornprelceneoe
441 2100 664 2184 ecnhrmseoit.
933 2089 936 2094 ¹

252 2205 367 2266 Eodem
387 2225 466 2266 anuo
490 2207 642 2284 praelatus
664 2195 775 2268 consui
793 2203 861 2267 oco
883 2207 920 2267 de
936 2206 1064 2267 Francia
1085 2205 1119 2267 in
1139 2225 1235 2288 repno
1254 2207 1316 2267 im-

189 2290 349 2388 peratorie
361 2307 507 2385 quaedam
520 2305 587 2368 loca
598 2307 743 2368 inuadens
755 2329 777 2368 a
793 2299 947 2371 Gozalena
959 2307 1038 2370 dnae
1047 2303 1318 2392 Lotlannpornrn

191 2417 221 2470 et
232 2405 299 2483 filio
313 2427 372 2470 eno
391 2404 567 2490 (lodesrido
584 2458 591 2472 .
610 2455 616 2470 .
634 2457 641 2472 .
665 2411 839 2473 interiectus
854 2419 909 2474 est.

596 2509 791 2596 Fropcnento
815 2507 913 2576 1037.

256 2614 391 2694 Contigit
401 2629 520 2694 quoque
531 2621 562 2676 et
574 2612 841 2676 Mediolanensem
852 2615 1041 2699 episcopans,
1052 2618 1103 2696 qui
1115 2618 1211 2679 eidem
1224 2617 1316 2679 collo·

192 2717 263 2796 quio
278 2718 423 2791 interfuit,
439 2718 477 2779 ab
491 2718 673 2797 imperatore
690 2718 726 2779 de
742 2720 870 2796 quadam
886 2716 1081 2798 infidelitatis
1095 2720 1206 2781 nebula
1221 2719 1317 2780 notari

191 2825 250 2880 etc
260 2815 582 2902 cornproainciolc'bne
589 2819 624 2881 in
634 2817 741 2881 maltis
754 2821 912 2882 occasuri.
929 2821 1061 2900 Cumque
1074 2817 1116 2881 ab
1126 2820 1317 2904 imperatore
1359 2803 1362 2808 ⁵

126 2965 127 2970 ι
192 2929 399 2994 amoneretur,
411 2929 447 2982 ot
455 2920 537 2997 'talia
550 2922 732 3006 corriperet,
748 2925 848 2985 eadm
861 2941 927 2985 cum
939 2925 1044 2986 amicis
1057 2943 1209 2987 secessum
1221 2925 1316 3004 petiit,

194 3015 322 3102 indeque
336 3026 510 3102 regrediens
527 3015 635 3105 spiritu
651 3027 822 3104 arrogantie
838 3026 958 3087 inflatus
974 3027 1119 3088 audenter
1133 3028 1185 3102 ait,
1200 3019 1232 3087 'ei
1244 3027 1315 3105 quid

192 3124 221 3184 iu
240 3126 423 3205 proprietate
439 3127 567 3189 eclesiae
583 3130 678 3188 sancti
695 3128 847 3189 Ambrosii
863 3128 1011 3209 inuenerit
1032 3130 1080 3190 vet
1095 3147 1213 3208 quoquo
1228 3129 1316 3193 modo

192 3225 384 3306 adquisierit,
407 3247 439 3290 se
460 3247 579 3308 semper
599 3229 662 3290 uita
682 3231 789 3290 comite
813 3231 938 3292 firmiter
958 3233 1128 3293 habiturum
1151 3249 1206 3292 uec
1226 3231 1317 3293 ullius

192 3330 385 3394 inseioueuel
399 3332 549 3411 peticione
560 3332 609 3392 nel
621 3331 774 3392 minimum
786 3332 856 3410 quid
865 3332 1069 3394 dimissurum.
1094 3333 1317 3412 Apriueipibne

136 3507 143 3516 .
191 3440 290 3494 autem
306 3441 340 3494 ut
353 3425 400 3495 uel
418 3435 513 3496 solam
529 3434 718 3512 imperatoris
730 3452 889 3513 personam
903 3437 1054 3515 exciperet
1064 3435 1235 3496 admonitus
1247 3453 1315 3514 pre-

193 3535 303 3598 dictum
320 3543 435 3596 tantum
451 3555 618 3598 sermonem
633 3537 770 3598 iterando
786 3539 947 3616 perorauit.
972 3537 1069 3617 Super
1084 3539 1141 3599 hoc
1153 3539 1317 3618 imperator

192 3645 358 3700 commotus
371 3639 548 3700 consiliante
559 3646 665 3700 senatu
673 3641 782 3700 iniuste
795 3648 940 3719 usurpata
950 3641 1067 3702 restitui
1081 3642 1225 3720 precepit,
1233 3659 1316 3702 eum-

192 3757 250 3818 que
276 3737 506 3823 opprelteneam
528 3737 749 3823 Aquilepienei
766 3738 951 3824 patriarcis
973 3739 1101 3824 Poponc’
1122 3741 1318 3804 acroandnm

194 3842 354 3908 emanat.
389 3845 414 3904 Α
435 3861 494 3922 quo
514 3843 638 3906 liberius
658 3845 760 3908 debito
782 3845 902 3907 habitus
924 3851 995 3924 post
1014 3843 1129 3924 aliquot
1149 3846 1214 3908 dies
1228 3843 1317 3927 faya

195 3942 302 4027 lapsae
325 3945 427 4007 euasit
446 3993 453 4008 .
471 3994 478 4008 .
495 3991 526 4008 ..
551 3941 622 4036 (Vtri
643 3947 748 4008 uldma
768 3949 862 4009 uerba
882 3948 1014 4009 tortasse
1036 3965 1052 4009 e
1073 3949 1185 4010 uostris
1209 3948 1316 4009 Annal.

194 4047 389 4110 Hildesheim.
406 4043 526 4128 sumta).
745 4055 752 4066 ⁴

256 4143 372 4212 Deinde
388 4151 643 4212 consentientibus
659 4147 761 4211 tribas
774 4149 940 4234 episcopie,
965 4146 1164 4227 Vercellenei‚
1187 4145 1314 4213 Orcmo·

192 4252 291 4332 aenei,
308 4249 494 4316 Placentino
510 4253 612 4316 missis
625 4253 701 4314 ctam
716 4255 829 4316 nuntiis
849 4272 916 4315 cum
932 4271 1004 4332 sepe
1020 4254 1101 4318 dicte
1114 4252 1223 4317 Ottone
1238 4253 1314 4316 Bar·

195 4356 304 4431 gaudie
319 4357 436 4422 tiranno
453 4355 662 4435 pacificantur,
683 4356 833 4434 quomodo
848 4357 960 4435 ipsein
975 4355 1142 4418 Romanam
1156 4357 1315 4435 imperium
