3110 5022
781 252 822 319 28

237 468 395 541 susceptus
412 470 467 526 est.
500 465 566 525 blox
586 469 686 526 antem
706 465 738 526 in
758 467 827 544 ipae
846 467 920 534 urbe
940 469 1042 543 grauis
1064 469 1167 526 contra
1181 483 1248 526 eum
1264 466 1297 526 lit
1312 470 1357 526 ta·

236 567 363 640 multus;
382 573 414 627 ut
429 568 514 646 Wipo
531 568 617 639 dicit,
635 569 739 628 eadem
756 569 818 644 die,
833 569 988 646 flagitante
1005 569 1133 648 populo,
1149 575 1181 630 ut
1195 570 1359 648 imperator

238 671 433 730 coniurationi
455 671 584 744 faueret3
606 677 639 732 ut
655 671 797 732 drnultus
813 671 913 743 refert,
935 671 1093 750 postridie,
1107 689 1214 750 sparso
1229 689 1357 742 rumore,

235 773 405 834 Aribertum
426 793 445 833 a
469 773 606 834 Conrado
628 775 805 854 episcopatu
825 773 975 835 baudensi
997 775 1146 854 priuatum
1162 775 1208 836 iri.
1236 773 1358 838 Rectius

236 875 286 936 hic
301 876 378 936 haud
393 876 483 937 dubie
495 877 653 938 Amulius:
666 878 715 938 nix
727 876 804 937 enim
818 877 990 953 credideris,
1006 877 1209 950 ualuassoree‚
1224 882 1314 938 antea
1327 877 1358 938 in

237 979 344 1039 castris
364 979 411 1042 ucl
420 972 574 1040 Laudeusi
587 980 615 1039 in
629 980 702 1040 urbe
715 980 878 1040 collocatos
893 979 1090 1042 Mediolanum
1102 981 1229 1042 reduces
1241 985 1358 1042 eeteros

236 1083 316 1142 ciues
335 1081 432 1142 adhuc
448 1082 506 1143 sibi
521 1083 712 1144 aduersarios
728 1082 765 1142 ad
782 1083 953 1160 generalem
969 1089 1082 1144 motum
1097 1078 1274 1159 incitasse).

300 1185 424 1244 Ineunte
438 1203 540 1246 mense
552 1185 650 1263 Aprili
666 1185 829 1262 imperator
844 1185 979 1246 Ticinum
994 1203 1029 1246 se
1043 1185 1177 1260 contulit,
1193 1203 1251 1263 quo
1267 1203 1357 1262 gene·

234 1289 296 1348 rale
325 1287 492 1367 principum
520 1288 699 1365 colloquium
726 1287 888 1360 indixerat,
921 1295 954 1348 ut
984 1288 1099 1348 cunctis
1126 1288 1358 1350 reclamantibus

235 1389 332 1468 legem
348 1391 466 1452 faceret.
491 1389 630 1455 Interfuit
644 1390 713 1450 huic
728 1391 886 1451 conuentui
904 1396 934 1452 et
946 1391 1112 1464 eribertus,
1127 1391 1228 1470 ibique
1239 1391 1278 1452 ab
1290 1391 1358 1470 ipso

235 1493 372 1554 Conrado
385 1493 570 1556 infidelitatis
582 1500 703 1554 notatus
716 1499 746 1555 et
757 1495 845 1555 simul
857 1511 877 1554 e
888 1493 989 1554 multis
1000 1492 1114 1554 Italicis
1128 1499 1175 1554 est
1189 1499 1357 1554 accusatus.

236 1595 392 1657 Gonrndus
408 1597 477 1674 quin
494 1617 561 1658 eum
573 1597 717 1656 tumultus
730 1595 962 1658 Mediolanensis
977 1602 1127 1658 auctorem
1142 1596 1289 1668 hebuerit,
1305 1596 1359 1656 du·

235 1698 322 1760 bitari
334 1693 546 1776 nonpotest²);
559 1700 910 1776 praetereacontumacia
921 1699 1072 1778 punienda
1083 1704 1156 1773 eret,
1172 1717 1231 1776 qna
1246 1699 1358 1760 erobie·

234 1803 376 1879 piscopus
392 1809 453 1862 tam
469 1801 562 1862 multa
577 1803 614 1862 de
630 1803 762 1881 praediis
778 1801 1030 1866 Cremonensibus
1045 1801 1184 1862 Hubeldo
1200 1802 1358 1862 restituen-

234 1903 281 1965 dis
297 1905 381 1966 iusse
396 1911 627 1984 contempserat.
658 1905 930 1983 Comprouinciales
946 1909 1061 1978 autem,
1081 1904 1159 1964 inter
1179 1921 1254 1980 quos
1271 1903 1358 1982 Wipo

234 2007 390 2086 Hugunem
413 2009 560 2086 quendam
582 2009 718 2069 comitem
741 2009 915 2068 nominatim
936 2012 1161 2082 commemorat,
1187 2003 1358 2079 demultus,

233 2113 341 2189 quibus
365 2113 403 2172 ab
425 2111 477 2172 illo
498 2095 595 2172 effecti
623 2117 740 2184 essent,
768 2111 884 2171 iniuriis
910 2109 1120 2186 uiolentiisque
1148 2111 1357 2188 querebantur.

233 2215 305 2276 Cum
322 2215 412 2291 igitur
425 2216 580 2276 Aribertus
596 2215 634 2276 ab
649 2216 830 2293 imperatore
845 2213 1065 2289 admoneretur,
1083 2218 1117 2272 ut
1130 2211 1204 2274 talia
1218 2212 1358 2274 emenda·

233 2324 287 2393 ret,
304 2319 432 2395 primum
448 2337 515 2378 cum
530 2319 634 2378 amicis
650 2335 802 2378 secessum
819 2316 914 2394 petiit,
930 2312 1000 2376 inde
1015 2333 1172 2392 regressus
1183 2319 1360 2392 arroganter

233 2422 339 2496 edixit,
368 2439 489 2499 semper
509 2439 543 2482 se
564 2422 627 2481 uita
652 2421 759 2481 comite
780 2419 1091 2494 tirmiterhabiturum
1114 2435 1307 2496 quaecunque
1328 2417 1358 2476 in

234 2525 417 2602 proprietate
433 2523 577 2584 ecclesiae
590 2524 806 2584 Ambrosianae
822 2528 874 2582 aut
888 2521 1055 2582 inuenisset
1068 2527 1120 2580 aut
1135 2537 1254 2599 quoquo
1269 2519 1358 2582 modo

238 2627 463 2703 acquisiuisset‚
485 2645 540 2687 nec
560 2626 650 2686 ullius
674 2627 759 2686 iussu
779 2626 827 2686 nel
848 2625 992 2702 petitione
1006 2625 1055 2685 uel
1071 2624 1223 2684 minimum
1239 2623 1311 2700 quid
1326 2640 1359 2683 se

233 2747 302 2790 esse
326 2729 528 2790 dimissurum.
565 2729 790 2808 Aprimoribus
811 2734 909 2789 autem
931 2733 964 2788 ut
982 2727 1031 2788 uel
1052 2728 1146 2788 solem
1170 2726 1359 2804 imperatorie

234 2849 393 2909 personam
410 2833 561 2909 exciperet
575 2832 756 2906 admonitus,
773 2832 877 2892 eadem
890 2849 955 2890 cum
971 2830 1138 2908 petulantia
1153 2829 1253 2906 priora
1266 2828 1360 2888 uerba

232 2935 361 3011 repetiit.
402 2935 476 2994 Tum
493 2934 648 2995 conradus
665 2953 783 2994 summa
798 2934 843 2993 ira
859 2937 957 2994 motus
973 2933 1074 2993 omnia
1090 2933 1200 2992 iniuste
1214 2936 1360 3008 usurpata

234 3037 261 3097 ei
284 3037 410 3098 abstulit
432 3043 462 3097 et
482 3038 614 3116 propriis
638 3037 767 3108 dominis
793 3036 938 3110 restituit,
965 3036 1064 3114 ipsum
1086 3040 1184 3096 eutem
1207 3040 1358 3112 tamquam

238 3159 338 3215 „reum
355 3140 521 3201 maiestatis
537 3145 568 3200 et
585 3141 804 3218 proscriptione
820 3134 998 3215 dignum“³)
1019 3137 1217 3228 apprehendit
1232 3153 1358 3214 eumque

232 3242 371 3320 Popponi
387 3243 573 3320 patriarchae
588 3243 773 3320 Aquileiensi
795 3249 825 3303 et
841 3241 978 3304 Conrado
994 3241 1137 3302 l'renoiae
1152 3241 1314 3302 Rhenenee
1329 3243 1360 3300 et

234 3343 404 3406 Carintbiee
420 3346 487 3407 duci
504 3346 685 3408 seruandum
701 3346 860 3407 commisit.
885 3343 999 3420 Quibus
1015 3362 1051 3404 ex
1065 3343 1193 3405 uinculis
1209 3343 1358 3436 quomodo

284 3699 304 3763 ¹)
323 3706 391 3767 Wipo
409 3720 459 3767 cap.
473 3707 514 3753 so.
536 3708 591 3753 Am.
609 3706 627 3752 1.
642 3707 681 3752 12.
706 3705 741 3751 lte
757 3707 783 3750 ut
799 3704 910 3760 rosseo,
928 3703 1089 3762 Eutwiclrlnnp
1105 3704 1145 3750 der
1161 3701 1302 3759 Veriessunq
1318 3695 1359 3746 'der

232 3792 425 3840 bombardismen
438 3793 519 3839 Stidte
531 3807 554 3852 p.
568 3792 615 3838 108
628 3806 651 3838 u.
665 3793 693 3848 23
706 3789 854 3838 Glesebreolrt
866 3789 894 3835 ll.
908 3791 966 3836 320.

283 3871 304 3936 2)
323 3877 433 3924 Perueree
451 3881 525 3924 eutem
538 3877 606 3936 Wipo
621 3874 728 3938 (eumque
744 3879 837 3922 secutur
850 3855 1010 3931 (iieeebrecbti
1026 3877 1114 3929 narrat,
1132 3874 1291 3934 imperatorem
1307 3885 1358 3918 sen·

232 3967 303 4020 sisse,
315 3965 473 4011 ueluassorunr
485 3964 665 4010 coniurationem
677 3963 776 4010 drlberti
789 3961 885 4008 oonsilio
899 3975 950 4026 esse
961 3959 1053 4006 lacum
1079 3960 1128 4006 lloe
1140 3973 1168 4006 ex
1180 3960 1213 4006 eie
1225 3972 1283 4018 quae
1295 3960 1358 4004 ente·

234 4053 351 4098 cesserant
362 4051 450 4110 opinari
468 4050 560 4096 omnino
572 4061 618 4095 non
636 4050 718 4109 potuit.
742 4049 822 4108 Neque
834 4045 931 4094 eonium
943 4046 1064 4094 Gestorum
1076 4046 1147 4106 epioe.
1161 4045 1276 4092 Gamerae.
1289 4044 1360 4090 uerba

234 4133 284 4193 (cir.
296 4150 319 4195 p.
333 4137 364 4182 26
377 4149 400 4180 n.
414 4134 439 4192 2)
451 4134 490 4182 hio
501 4133 572 4182 ullius
586 4135 693 4182 momenti
706 4137 767 4181 suut.
1249 4181 1253 4193 ,

284 4215 305 4278 ³)
325 4221 359 4266 lte
370 4221 470 4267 Heinrici
487 4220 527 4266 lll.
544 4219 645 4280 diplonm
661 4219 865 4279 supralaudatum
881 4231 918 4278 sp.
934 4216 1056 4272 serame,
1074 4215 1228 4276 Antiquitetes
1241 4213 1281 4262 vl.
1299 4215 1357 4262 dl‘l.

236 4306 320 4364 ,licum
333 4301 475 4352 ureiestntis“
489 4305 556 4352 etiam
566 4305 648 4351 rinnel.
659 4305 714 4352 San.
727 4304 786 4351 Gall.
800 4305 852 4352 urai.
868 4305 945 4360 10873
961 4302 1106 4362 „imperatori
1118 4297 1261 4348 eontrerlus“
1273 4299 1357 4346 Amal.

233 4391 381 4438 Hildesbelm.
396 4392 468 4438 1037.
