3110 5022
761 244 798 306 lt

676 330 880 342 -ο--α--ι

217 469 327 512 uenses
337 451 469 516 Ariberti
483 457 619 530 tempore
636 450 799 530 pollebant,
817 449 926 529 partim
940 449 970 510 in
980 448 1162 532 ,auctoritate
1177 447 1339 523 missatica,

159 605 161 611 .
217 571 277 632 qua
295 554 354 614 iam
374 552 473 614 medio
495 553 595 614 seculo
611 571 690 614 nono
706 553 826 630 saepius
844 552 971 629 singulis
986 552 1016 615 in
1041 551 1160 630 placitis
1182 545 1340 629 exercita¹)
1442 629 1445 638 Ἰ

217 655 285 718 inde
300 657 339 717 ab
355 674 382 718 a.
400 659 471 717 876.
488 655 666 733 regulariter
684 649 931 732 fungebanturll,
952 655 1061 733 partim
1084 654 1184 732 posita
1204 659 1288 714 erant
1310 653 1341 712 in
1389 675 1392 681 ·

118 781 124 792 ¹
217 759 364 836 iure,'quo
381 759 505 838 propria
520 759 737 820 Ambrosianae
759 759 905 819 ecclesiae
921 755 1000 818 bona
1015 757 1165 817 tenebant.
1197 754 1340 831 Quamuis

216 862 295 922 enim
317 863 429 922 nullum
452 863 611 939 genuinum
633 879 736 938 regum
761 861 810 920 uel
830 861 1045 939 imperatorum
1067 859 1106 918 ad
1127 876 1183 920 nos
1208 857 1342 936 diploma

217 964 397 1042 peruenerit,
410 982 468 1042 quo
480 953 644 1043 iura‚'quae
655 969 764 1042 postea
775 963 855 1024 dicta
867 969 936 1024 sunt
947 963 1071 1040 regalia,
1085 961 1180 1022 sancti
1189 960 1341 1022 Ambrosii

215 1067 443 1145 successoribus
464 1061 700 1144 conseranensi),
727 1070 807 1126 certe
835 1071 934 1126 tamen
963 1066 1026 1126 sub.
1040 1064 1129 1124 finem
1153 1064 1247 1124 seculi
1271 1063 1340 1124 noni

217 1169 308 1248 plena
327 1169 512 1234 immunitate
527 1187 586 1230 eos
602 1187 674 1230 usos
695 1169 787 1230 luisse
812 1169 933 1228 chartae
956 1167 1135 1239 ostundent,
1157 1167 1265 1243 quibus
1281 1165 1340 1244 ipsi

218 1273 336 1348 singula
351 1273 474 1352 praedia
489 1272 578 1333 simul
595 1290 662 1334 cum
677 1271 737 1332 illis
748 1271 863 1332 iuribus
876 1271 943 1331 aliis
959 1265 1131 1345 tribuunt⁴).
1161 1267 1243 1344 Quae
1262 1269 1342 1330 bona

217 1391 284 1434 cum
299 1393 355 1453 per
369 1393 403 1436 se
418 1377 493 1438 eatis
508 1375 611 1454 ampla
626 1379 748 1449 essent,
767 1380 935 1452 temporum
952 1391 1040 1434 cursu
1057 1373 1173 1451 piorum
1189 1372 1340 1434 bominum

216 1478 303 1538 donis
318 1484 407 1541 aucta
421 1485 452 1540 et
467 1478 642 1557 plerumque
657 1477 730 1538 uiris
746 1476 930 1555 potentibus,
947 1475 1112 1554 capitaneis
1124 1480 1232 1554 postea
1243 1474 1340 1546 dictis,

216 1580 443 1642 inbeneficiare
467 1568 538 1658 data
560 1581 649 1642 etiam
672 1579 900 1658 possessiones,
928 1596 1002 1656 ques
1026 1577 1070 1638 illi
1092 1577 1231 1656 proprias
1252 1581 1342 1636 antea

217 1681 392 1758 habuerant,
406 1683 523 1744 uinculo
536 1683 665 1762 quodam
677 1701 743 1742 cum
756 1681 993 1760 archiepiscopis
1006 1679 1210 1740 conectebant.
1235 1679 1340 1756 Itaque

217 1784 327 1846 lactum
344 1791 404 1860 est,
426 1791 459 1846 ut
472 1787 531 1846 iam
546 1785 696 1846 mediante
712 1785 813 1846 seculo
829 1783 961 1858 decimo,
986 1783 1124 1864 quamuis
1139 1781 1190 1842 diu
1205 1787 1276 1862 post
1291 1799 1340 1841 co·
1382 1794 1384 1798 ·

219 1887 306 1950 mites
326 1887 364 1950 ab
387 1887 618 1966 imperatoribus
639 1886 767 1948 instituti
788 1886 891 1969 liberis
912 1886 1091 1958 arimannis,
1111 1885 1170 1946 imo
1192 1902 1251 1944 non
1273 1901 1340 1944 raro

217 1989 264 2054 uel
281 1989 397 2051 clericis
412 1989 572 2051 Mediolani
595 1989 744 2066 „iustitias
768 1988 901 2050 iacerent
921 1997 951 2048 et
974 1984 1204 2062 deliberarent“,
1226 2004 1342 2048 summa

217 2098 317 2152 menen
338 2111 438 2154 rerum
458 2093 539 2172 apud
560 2074 806 2172 archiepiscopos
828 2095 918 2152 esset.
950 2090 1081 2152 Ariberti
1101 2090 1228 2172 denique
1243 2095 1341 2150 aetate

269 2308 290 2372 ¹)
308 2315 344 2362 lta
363 2315 388 2362 iu
407 2315 493 2376 placito
518 2329 539 2362 a.
553 2315 610 2362 844.
627 2328 664 2376 ap.
682 2313 821 2372 Fumagalli,
845 2313 929 2362 Codice
945 2311 1092 2372 diplomatico
1109 2305 1173 2360 Sant'
1191 2312 1342 2360 Ambrosiam

217 2413 240 2460 p,
254 2400 316 2456 240,
335 2401 374 2448 uhi
389 2400 477 2450 indices
493 2401 595 2448 resident
612 2413 669 2461 ,per
684 2399 862 2446 admonitionem
876 2399 954 2444 domni
966 2398 1109 2458 engelberti,
1128 2398 1301 2459 archiepiscopo
1319 2401 1342 2444 et

217 2485 287 2531 misso
303 2485 381 2532 domni
396 2487 564 2548 imperatoris“;
586 2501 607 2532 a.
621 2486 690 2542 859,
709 2485 726 2532 1.
743 2485 758 2532 1.
776 2499 799 2544 p.
813 2485 874 2531 326:
897 2483 958 2531 Dum
975 2484 1122 2531 reclamasset
1138 2483 1220 2530 Petrus
1240 2519 1245 2530 .
1265 2519 1270 2529 .
1289 2518 1294 2530 .
1312 2483 1342 2530 ad

216 2570 324 2618 domnum
338 2571 486 2631 Angilbertus
496 2571 633 2619 uenerabilis
643 2573 722 2618 sancte
730 2569 909 2617 Mediolanensis
920 2569 1018 2628 ecclesie
1027 2569 1213 2630 archiepiscopus
1226 2572 1249 2615 et
1258 2569 1342 2616 missus

216 2655 500 2717 domniimperatoriscs.
513 2657 583 2714 874..
600 2656 617 2704 l.
630 2657 646 2704 l.
658 2670 682 2718 p.
695 2656 759 2703 424:
787 2655 848 2703 Dum
864 2656 889 2702 in
905 2654 1017 2721 iudicium
1031 2654 1160 2702 residentes
1174 2655 1271 2702 domnus
1283 2655 1341 2701 Ans-

189 2773 191 2776 ·
214 2744 294 2802 pertus
311 2745 390 2790 sancte
401 2722 581 2792 hlcdiolmensis
598 2742 694 2790 ecclesie
710 2741 896 2804 archiepiscopus
915 2743 938 2787 et
949 2741 1010 2788 Roso
1022 2753 1113 2797 comes,
1131 2741 1196 2788 missi
1212 2740 1291 2788 domni
1301 2740 1341 2786 inr-

214 2828 328 2888 parstoris
339 2831 383 2876 etc.
1125 2813 1131 2824 ’

267 2904 289 2970 ⁹)
304 2913 350 2960 (llr.
363 2913 475 2960 llarolill.
489 2914 622 2960 Gonusntus
630 2914 798 2969 'ticinensis-c.
812 2915 851 2969 12,
863 2911 1036 2972 Pertz‚Legg.l.
1049 2912 1110 2979 631:
1123 2912 1171 2972 Ipsi
1182 2911 1254 2959 nihilo
1266 2913 1342 2958 mnus

215 3000 330 3060 episcopi,
350 3000 434 3059 singuli
450 3001 474 3047 in
487 3013 528 3048 suo
541 3000 669 3061 episcopio,
687 2999 799 3046 missatici
810 2999 884 3046 nostri
894 3000 1008 3059 potestate
1026 2999 1049 3044 et
1063 2999 1199 3044 auctoritate
1210 2998 1341 3057 iunguntur.

267 3072 297 3142 ³)'
306 3085 364 3132 Nam
375 3085 454 3132 Karoli
465 3086 541 3144 magni
558 3085 670 3145 diploma,
688 3084 716 3130 ab
728 3083 833 3143 Ughcllio
847 3081 922 3141 (ltalia
935 3083 1004 3130 Sacra
1016 3083 1055 3140 IV,
1069 3081 1111 3141 70)
1125 3083 1223 3140 editum,
1239 3084 1342 3144 spurium

215 3183 266 3216 esse
286 3173 347 3217 recte
369 3171 414 3218 ism
435 3173 603 3218 annobuernnt
623 3169 873 3229 bethmann-Hollweg
890 3169 925 3216 ins
947 3168 1065 3230 Ursprung
1087 3169 1128 3216 der
1147 3169 1341 3216 Lombardischen

215 3255 390 3306 Stltdteireibeit
399 3269 424 3317 p.
438 3257 488 3304 113
498 3270 522 3303 n.
536 3257 563 3314 ‘13
576 3255 648 3314 liegel
659 3255 688 3302 ll.
703 3257 733 3303 71
747 3269 770 3302 n.
783 3255 807 3302 4.

197 3395 199 3399 ¹
268 3334 289 3399 ⁴)
308 3341 356 3388 ch.
376 3341 480 3390 Ansclmi
500 3341 602 3402 diploma
622 3355 647 3388 so
663 3342 720 3389 893.
737 3341 875 3388 monaterio
892 3340 916 3388 S.
930 3340 1045 3388 Ambrosii
1061 3341 1139 3388 datum
1160 3356 1197 3402 sp.
1214 3341 1342 3407 Fumagelli

213 3439 237 3486 p.
251 3428 314 3474 529:
332 3429 478 3476 concedimus
496 3441 575 3478 omnes
591 3441 628 3474 res
644 3429 784 3493 cuneusque
800 3426 958 3490 possessiones
974 3428 998 3474 et
1014 3428 1097 3473 cortes.
1126 3425 1161 3474 lta
1177 3427 1299 3484 uidelicet,
1315 3429 1342 3473 ut

214 3511 273 3560 nulli
284 3527 441 3560 successorum
451 3516 581 3560 nostrorum
593 3512 630 3559 vel
642 3512 739 3560 alicuius
752 3512 839 3558 ordinis
855 3526 949 3571 magnae
961 3527 1090 3572 pennaeque
1099 3521 1210 3573 personae
1221 3513 1290 3559 liceat
1300 3513 1341 3559 ali-

213 3599 318 3658 quando,
332 3599 417 3660 absque
429 3599 548 3646 uoluntate
561 3613 602 3646 seu
613 3599 761 3647 concessione
773 3597 862 3645 abbatis
879 3597 978 3658 aliquam
991 3599 1123 3646 uiolentiam
1140 3599 1177 3645 vel
1191 3600 1340 3655 exactionem,

214 3685 305 3744 pastum
322 3685 371 3732 sius
386 3684 536 3744 albergariam
550 3685 575 3732 in
596 3684 676 3731 eodem
692 3683 802 3730 coenobio
819 3697 860 3730 sen
875 3684 898 3732 in
911 3684 960 3730 eius
981 3683 1082 3731 cortibus
1099 3687 1123 3730 et
1142 3684 1200 3731 locis
1217 3685 1341 3745 requirere,

213 3783 288 3830 seque
303 3770 408 3818 aldiones
424 3785 465 3818 seu
482 3770 577 3819 colonos
591 3769 668 3830 aliqua
680 3770 801 3818 occasione
813 3783 903 3817 nexare.
917 3793 949 3802 -
962 3768 1047 3816 (luntre
1059 3783 1111 3816 cum
1123 3769 1184 3818 dono
1196 3785 1217 3818 a.
1231 3769 1288 3818 866.
1299 3771 1341 3817 im·

213 3855 313 3904 munitas
324 3855 427 3903 nondum
437 3857 522 3904 tradite
533 3859 590 3904 eret.

172 3962 174 3967 ·
264 3939 371 3989 Potestas
381 3943 499 3990 missatica
510 3945 534 3989 et
544 3942 670 3998 dishictus,
683 3941 722 4002 qui
734 3955 762 3988 ex
773 3941 916 3990 immunitate
924 3941 998 3997 linxit,
1011 3941 1125 4001 quomodo
1133 3943 1260 4002 temporum
1272 3954 1341 3990 eursu

214 4026 353 4084 coaluerint,
370 4028 455 4089 optime
473 4028 549 4075 elucet
561 4042 573 4074 o
585 4027 675 4076 duobus
686 4027 786 4088 placitis,
805 4041 882 4074 mense
893 4027 952 4074 Iulio
965 4042 986 4074 a.
1000 4028 1057 4076 905.
1075 4027 1103 4073 do
1115 4027 1253 4074 eadem'iere
1265 4042 1289 4073 re
1300 4027 1340 4074 ha·
1367 4073 1368 4076 ,

213 4111 267 4160 bitis
286 4111 332 4173 (ap.
344 4113 466 4169 Mentori,
488 4113 644 4174 antiquitates
659 4113 751 4160 italicae
768 4114 838 4160 medii
854 4114 905 4160 aeui
922 4113 940 4160 l.
958 4114 971 4160 7
976 4115 1006 4160 te
1024 4110 1093 4173 aqud,
1110 4126 1206 4172 quorum
1223 4113 1247 4159 in
1268 4112 1340 4158 altero

214 4198 318 4246 Andreas
336 4198 523 4260 archiepiscopus
535 4199 621 4246 residet
636 4201 752 4260 tamquam
770 4200 869 4258 ,missus
885 4199 963 4246 domni
978 4196 1139 4260 imperatoris“
1159 4212 1211 4246 cum
1226 4198 1341 4246 iudicibus

184 4309 189 4318 ·
212 4283 329 4344 palatinis,
346 4284 558 4341 Mediolanensibus
569 4266 626 4343 stc.;
644 4286 669 4332 in
680 4274 753 4332 altero
766 4288 881 4346 tamquam
896 4281 1109 4345 ,archiepiscopns“
1125 4298 1193 4344 „cum
1204 4284 1340 4344 quibusdam

212 4382 253 4416 sue
266 4370 362 4420 ecclesis
375 4371 511 4420 asserendis
524 4359 719 4420 sacerdotibus“.'

1094 4448 1130 4502 2.
