3110 5022
714 270 918 366 -c-

254 477 354 559 penda
373 477 556 540 accuratiore
572 477 780 556 disquisitione
794 479 891 540 facilis
908 485 955 542 est
969 477 1131 542 intellectu.
1160 478 1286 560 Semper
1300 482 1378 544 enim

253 577 455 658 Francogalli,
479 598 544 640 cnm
566 579 755 643 Germaniam
775 582 1025 659 aggrederentur,
1051 581 1169 656 duobus
1184 583 1214 644 in
1230 583 1322 657 locis,
1348 585 1379 646 in

253 681 341 743 Italia
355 684 467 764 pariter
482 689 571 761 atque
585 683 615 744 in
632 683 825 762 Lotharingia
839 685 950 748 bellum
965 686 1134 760 incitarunt,
1150 685 1180 745 id
1196 687 1275 763 quod
1292 687 1377 750 addi-

253 785 292 844 tis
305 791 446 864 qnantum
458 787 611 866 repperire
622 788 706 864 potui
719 787 818 848 causis
833 788 954 850 uberius
970 805 1118 868 exponam
1132 789 1162 848 in
1179 788 1234 862 eis,
1249 806 1326 868 quae
1341 789 1380 852 de

253 887 358 966 primis
379 886 509 949 Conradi
522 887 562 949 ΙΙ.
579 889 608 948 in
630 887 719 949 Italia
739 890 929 952 successibus
949 907 1018 951 mox
1043 892 1072 951 in
1099 891 1195 950 lucem
1218 891 1314 954 edam
1335 925 1381 940 -

253 988 318 1051 Odo
339 990 429 1070 igitur
451 992 530 1052 circa
549 990 637 1052 finem
661 994 794 1072 autumni
818 997 857 1053 a.'
872 995 963 1058 1037.
980 994 1086 1054 iterum
1103 1011 1284 1072 progressus
1299 994 1379 1054 elato

252 1093 341 1154 corde
356 1093 404 1154 uel
420 1093 564 1172 palatium
583 1095 827 1172 Aquisgranense
843 1113 875 1156 se
896 1095 1069 1158 inuasurum
1085 1096 1185 1174 ibique
1200 1095 1313 1158 Christi
1327 1115 1379 1158 ua·

251 1197 398 1259 tinitatem
414 1196 629 1258 celebraturum
646 1198 850 1276 praelactauit.
880 1199 921 1258 At
936 1216 1002 1260 cum
1018 1199 1147 1276 primum
1161 1205 1291 1260 castrum
1306 1199 1378 1262 Bar·

251 1316 349 1371 rense‚
366 1299 581 1360 aTentouibns
597 1300 712 1360 interea
726 1306 942 1378 recuperatum,
958 1301 1057 1365 denno
1072 1302 1234 1375 obsideret,
1250 1320 1269 1362 a
1283 1299 1378 1362 Gnae-

251 1402 320 1462 lone
334 1398 545 1480 Lotharingiae
561 1401 635 1466 duce
651 1403 774 1484 eiusque
788 1401 1023 1466 filioGodelrido
1039 1422 1106 1466 cum
1121 1405 1251 1466 exercitu
1267 1405 1378 1482 petitus

251 1505 361 1566 infelici
377 1523 479 1586 pugna
493 1506 559 1584 ipse
574 1507 720 1568 occubuit
747 1505 845 1584 Caput
859 1507 923 1568 eius
938 1507 1078 1573 auulsum
1093 1509 1188 1570 uictor
1202 1508 1376 1588 imperatori

251 1609 281 1667 in
296 1607 413 1668 ltaliam
429 1609 563 1670 uersanti
585 1610 790 1673 transmisisse
805 1609 907 1670 fertur.

315 1710 380 1772 Tali
395 1711 484 1772 modo
501 1710 655 1774 conradus
671 1712 709 1773 ab
724 1711 812 1774 hoste
833 1711 977 1776 liberatus
995 1717 1054 1776 est:
1076 1712 1262 1774 inimicorum
1285 1713 1378 1791 impe·

250 1812 355 1874 rialem
370 1813 467 1874 aulam
484 1815 732 1892 frequentantium
748 1815 874 1876 insidias
890 1821 979 1878 antea
999 1816 1059 1878 iam
1080 1815 1198 1876 uidetur
1218 1815 1376 1878 detexisse.

251 1915 326 1977 Cum
347 1916 425 1978 enim
441 1917 586 1978 coniurati
602 1917 680 1978 diem
696 1917 853 1996 locumque
873 1917 1139 1992 determinassem,
1166 1934 1225 1995 quo
1246 1917 1378 1980 omnium

251 2017 343 2096 legati
360 2020 568 2094 conuenirent,
589 2021 901 2100 conspiraticncmquc
923 2021 1098 2082 iuramentis
1114 2019 1255 2082 inuicem
1271 2020 1377 2082 conflr-

252 2127 381 2198 marent,
402 2121 529 2200 Bertha,
548 2141 623 2184 uxor
643 2123 818 2200 llaginlredi
838 2123 1018 2186 marchionis
1040 2123 1246 2201 Segusiensis,
1274 2141 1378 2186 socrus

252 2221 426 2285 Herimanni
438 2223 600 2286 Succorum
618 2225 713 2300 ducis,
729 2231 881 2306 comperto
893 2233 1042 2288 conuentu
1057 2227 1204 2288 satellites
1221 2243 1292 2288 suos
1307 2225 1378 2288 illuc

251 2326 375 2388 miserat
399 2344 562 2406 omnesque
583 2329 700 2406 legatos
722 2329 811 2390 simul
837 2329 1071 2408 comprehensos
1098 2329 1199 2407 reique
1222 2329 1377 2392 ueritatem

252 2428 407 2492 confessos
418 2431 456 2492 ad
469 2430 678 2510 imperatorem
691 2427 932 2514 transmiserat).
954 2431 1110 2494 conradus
1125 2431 1293 2510 proditores
1308 2431 1377 2494 illos

251 2537 313 2594 tres
329 2533 488 2612 episcopos
503 2539 588 2596 trans
603 2535 697 2613 Alpes
712 2535 824 2596 exulari
839 2534 919 2597 fecit.
950 2534 1038 2614 Wipo
1053 2539 1169 2608 namet,
1195 2534 1299 2596 multis
1319 2535 1377 2596 boc

252 2635 462 2714 displicuisse,
483 2637 560 2716 quod
577 2637 642 2700 sine
657 2643 739 2698 recto
754 2637 864 2704 iudicio
880 2638 1013 2698 damnati
1033 2641 1150 2710 essent,
1173 2642 1203 2698 et
1222 2637 1269 2698 uel
1285 2635 1375 2700 Heiu-

251 2740 343 2800 ricum
359 2757 459 2816 regem
480 2740 576 2820 patris
592 2741 781 2802 seueritatem
801 2741 831 2802 in
847 2739 1107 2819 archiepiscopum
1123 2739 1376 2802 Mediolanensem

251 2848 341 2920 atque
367 2843 396 2902 in
422 2843 498 2904 istos
518 2848 581 2904 tres
608 2843 684 2904 clam
706 2861 774 2904 csse
795 2843 985 2904 detestatum.
1016 2841 1102 2904 Certe
1119 2841 1227 2904 seditio
1242 2843 1295 2904 illa
1309 2860 1376 2904 sae·

251 2945 376 3006 nissima
390 2946 420 3006 in
437 2946 529 3006 natali
544 2945 664 3030 Domini
679 2945 804 3008 Parmae
819 2951 922 3007 exorta
937 2945 1131 3020 demonstrat,
1147 2935 1258 3024 quanto
1274 2949 1377 3008 contra

251 3047 400 3112 Teutones
421 3048 489 3109 odio
504 3049 572 3110 Itali
589 3055 660 3110 tunc
680 3049 778 3110 affecti
799 3049 917 3110 inerint.
955 3047 1021 3124 Qua
1043 3047 1081 3108 de
1095 3041 1154 3125 re')
1171 3047 1219 3110 uel
1234 3045 1272 3108 de
1287 3065 1375 3125 expe·

250 3150 362 3212 ditione
394 3171 421 3211 a.
450 3155 538 3212 1038.
568 3151 596 3212 in
627 3150 850 3212 meridionalem
878 3151 995 3214 Italiam
1022 3151 1101 3212 iacta
1124 3150 1260 3229 pluribus
1285 3167 1375 3227 agere

250 3273 308 3344 nou
333 3260 379 3314 est
400 3255 489 3315 huius
510 3255 581 3314 loci:
606 3272 776 3334 premamus
800 3259 936 3332 econtra,
957 3253 1126 3314 conradum
1147 3253 1275 3332 primum
1298 3253 1375 3314 leste

251 3357 386 3434 paschali
409 3375 436 3416 a.
464 3359 554 3418 1038.
578 3357 727 3429 effecisse,
750 3362 784 3418 ut
805 3357 942 3438 Spellee,
964 3356 1015 3418 ubi
1034 3355 1228 3418 Benedictum
1246 3355 1300 3418 IX.
1321 3355 1374 3417 ob·

250 3461 329 3522 nium
350 3460 468 3534 habuit,
491 3460 647 3522 Aribertus
663 3461 700 3522 ab
716 3461 785 3539 ipso
800 3479 879 3538 papa
898 3455 1244 3534 anathematizareturb,
1265 3459 1374 3520 deinde

249 3565 422 3642 priusquam
439 3563 468 3624 in
484 3561 674 3623 Germaniam
689 3569 902 3637 reuerteretur,
927 3561 1084 3622 uniuersos
1099 3562 1184 3640 regni
1200 3561 1297 3624 italici
1313 3561 1374 3640 pri·

249 3673 345 3726 mates
361 3665 553 3746 compulisse,
569 3671 601 3726 ut
615 3684 742 3726 annuam
760 3665 919 3726 llediolaui
934 3665 1135 3726 uastationem
1152 3659 1327 3744 iurarent⁴).

301 3798 321 3862 1)
339 3805 508 3852 accuratiorem
521 3804 549 3850 dc
565 3802 601 3852 his
614 3801 680 3852 rebus
692 3803 844 3852 narrationem
856 3801 964 3850 debemus
976 3801 1060 3850 Herim.
1075 3801 1225 3862 Fragmeutis,
1238 3801 1372 3862 quibuscum

250 3890 397 3938 (iissebreclrt
409 3889 437 3937 ll.
451 3891 499 3937 327
512 3889 595 3936 Annal.
608 3889 685 3936 Altulr.
698 3889 768 3936 uerba
779 3903 826 3936 non
838 3889 894 3936 satis
907 3891 984 3944 cante,
997 3890 1023 3936 ut
1035 3887 1091 3934 mibi
1102 3887 1205 3944 uidetur,
1218 3887 1334 3934 conexuit.

300 3969 321 4036 1)
340 3979 376 4024 sd
388 3992 422 4032 ea,
434 3990 493 4037 quac
510 3976 538 4024 de
555 3975 598 4022 hac
610 3975 722 4022 seditione
739 3975 833 4034 collegit
844 3972 1002 4027 Giesebrecbt,
1015 3973 1086 4020 addus
1099 3972 1189 4020 Nectol.
1201 3971 1371 4031 Wausentmr.

249 4063 265 4109 l.
278 4063 294 4110 l.
306 4077 330 4123 p.
343 4063 387 4109 48:
401 4063 424 4109 8.
437 4061 486 4108 llal.
500 4061 547 4110 lan.
560 4060 672 4116 Dietlrob,
690 4061 782 4116 (loono,
796 4059 902 4118 Suidiger
914 4073 966 4106 cnm
977 4058 1029 4106 ullis
1041 4059 1112 4106 occisi
1123 4059 1147 4106 in
1158 4057 1247 4106 Parma.

300 4140 321 4206 ⁸)
341 4148 387 4196 Gir.
400 4147 482 4196 lunai
494 4145 731 4204 Hildenlreim.1088;
744 4145 829 4194 Herim.
839 4145 929 4205 l'rassm.
939 4146 1013 4192 1088.
1036 4141 1271 4206 Spellapraeierends
1278 4140 1370 4188 nicam

249 4235 340 4290 sunto,
357 4233 395 4282 ubi
411 4234 569 4295 imperatorem
581 4231 667 4292 pascha
683 4232 756 4292 egisse
772 4231 867 4280 tradunt
877 4230 960 4280 Anml.
973 4229 1050 4278 tltalu.
1065 4230 1138 4278 1038.
1161 4229 1209 4276 lam
1224 4227 1296 4288 priori
1310 4238 1370 4274 anuo

248 4321 386 4368 benedictus
396 4320 529 4366 Cremonam
538 4318 567 4364 ad
576 4319 735 4378 imperatorem
743 4321 848 4375 neceratq
861 4317 903 4364 cir.
913 4315 981 4376 Wipo
991 4329 1041 4376 cap.
1051 4317 1092 4372 86,
1104 4315 1189 4362 llerim.
1199 4314 1283 4362 Gbrcn.
1295 4309 1372 4360 108⁷.

298 4399 321 4464 4)
338 4409 393 4454 arn.
406 4405 434 4452 ll.
448 4406 488 4451 14.

1533 668 1548 939 l

1542 958 1547 1155 ¹

1531 1532 1551 1687 r

1540 1694 1546 1899 l
