3110 5022
670 269 874 368 A.

275 483 321 542 lte
333 501 396 541 curn
410 479 525 540 iniuriis
538 481 602 540 suis
612 480 767 541 aribertus
778 479 906 540 relicuos
916 479 1020 542 ltaliae
1030 479 1182 558 principes
1193 484 1224 538 et
1234 479 1333 557 ipsum

212 585 422 662 imperatorem
434 588 539 643 contra
549 601 584 642 se
596 589 797 661 exasperaret,
816 583 880 660 pari
896 581 985 643 modo
1002 581 1202 644 subiectorum
1217 582 1332 644 animos

212 707 230 746 a
242 706 274 747 se
289 686 480 758 abalienanit,
498 686 632 764 potentia
648 685 705 746 sibi
718 687 829 746 tradita
842 685 931 746 nimis
944 685 1052 746 acriter
1063 689 1093 745 et
1104 685 1238 745 districte
1250 701 1345 746 usus·

145 771 147 775 ’
212 789 353 850 Probauit
366 788 395 848 id
410 789 537 866 primum
554 787 582 847 in
596 788 769 849 ordinandis
782 789 872 850 rebus
884 787 1102 849 Laudensibus.
1127 787 1242 848 Mortuo
1254 787 1333 848 enim

210 893 355 970 episcopo
370 889 535 965 Laudensi,
551 895 655 968 spreta
669 890 815 952 electione
831 891 973 952 canonica
988 891 1055 969 ipse
1071 890 1155 952 solus
1171 889 1197 951 ei
1214 909 1333 952 succes-

210 1003 309 1055 s'orem
330 993 431 1072 posuit
446 992 635 1054 Ambrosium
652 993 689 1054 de
704 1011 825 1056 suorum
842 1011 964 1054 numero
980 992 1189 1065 cardinalium,
1212 993 1258 1053 cui
1274 994 1332 1054 uir-

210 1118 278 1176 gam
302 1095 474 1170 etanulum
497 1095 634 1170 tradidit,
659 1096 768 1156 deinde
789 1095 984 1157 consecravit.
1016 1095 1138 1158 Etcum
1159 1095 1333 1158 laudenses

210 1200 288 1261 banc
302 1199 453 1260 insolitam
470 1200 662 1277 episcopatus
674 1199 720 1258 sui
733 1198 975 1260 constitutionem
988 1198 1188 1277 despicerent,
1205 1199 1334 1277 primum

211 1303 312 1364 omnia
327 1321 428 1362 eorum
446 1300 560 1381 oppida
575 1302 747 1363 suburbana
762 1301 943 1380 potestatiue
959 1301 1087 1378 subegit,
1103 1305 1166 1360 tum
1181 1301 1220 1362 ad
1235 1301 1333 1380 ipsam

210 1406 314 1467 urbem
328 1423 507 1484 progressus
521 1423 586 1465 earn
598 1410 659 1464 tam
669 1405 860 1464 uehementer
869 1403 1066 1482 oppugnauit,
1075 1409 1108 1464 ut
1119 1403 1200 1464 ciues
1212 1404 1333 1464 tandem

211 1510 367 1587 proposita
381 1509 465 1587 pacis
482 1509 678 1569 conuentione
693 1507 870 1586 episcopum
887 1507 1075 1584 susciperent
1094 1515 1124 1566 et
1141 1511 1212 1568 ante
1228 1512 1332 1584 portas

210 1611 363 1672 fidelitatis
378 1611 545 1670 iuramenta
561 1615 755 1688 praestarent.
779 1609 944 1670 Recondito
959 1609 1050 1686 igilur
1065 1609 1103 1669 ad
1118 1615 1237 1687 tempus
1253 1610 1333 1685 odio,

211 1733 326 1800 summo
341 1719 440 1774 tamen
457 1731 523 1772 cnm
543 1713 659 1773 feruore
674 1711 846 1773 uindicandi
871 1712 1059 1774 occasionem
1080 1708 1331 1790 exspectabaris).

274 1817 332 1878 Sed
349 1801 438 1878 etiam
454 1816 483 1875 in
498 1817 584 1896 ipsos
597 1815 836 1878 Mediolanenses
851 1815 1008 1876 aribertus
1026 1814 1240 1890 ,immoderate
1259 1834 1332 1893 pau·

211 1921 303 1980 lnlurn
318 1919 537 1990 dominabatur,
555 1937 640 1978 sunm
653 1917 846 1979 considerans
863 1935 920 1978 non
937 1917 1061 1978 aliorum
1078 1915 1228 1976 animum“
1248 1914 1331 1995 (Arn.

210 2023 249 2083 ll.
270 2016 328 2101 10).
353 2021 445 2084 Ouios
459 2021 615 2098 regiminis
630 2040 735 2095 unum,
752 2020 810 2080 nisi
826 2019 927 2093 fallor,
944 2020 1111 2098 exemplum
1127 2020 1214 2082 nobis
1230 2037 1332 2082 serua-

209 2131 270 2186 tnrn
281 2130 343 2198 est,
359 2142 418 2202 qno
434 2124 543 2184 milites
558 2124 706 2202 imprimis
722 2127 838 2184 summa
852 2122 1059 2199 indignatione
1073 2122 1152 2183 affici
1164 2122 1332 2201 oportebat.

210 2227 284 2289 Gum
300 2227 379 2287 enim
394 2227 437 2288 illi
454 2227 552 2305 priore
573 2233 708 2306 ternpore
724 2225 817 2286 multa
837 2225 971 2286 ecelesiis
989 2225 1112 2304 praedia
1127 2225 1333 2300 abstulissent,

212 2330 368 2390 Aribertus
383 2330 562 2409 temporalia
576 2330 692 2389 illarum
709 2329 829 2405 negotia
844 2346 913 2402 uno,
930 2334 962 2388 ut
976 2328 1020 2389 ita
1034 2329 1141 2405 dicam,
1157 2328 1217 2390 ictu
1233 2346 1333 2390 emen·

212 2433 283 2492 dare
299 2450 389 2493 ausus
403 2439 456 2493 est.
481 2433 632 2493 Adhibitis
644 2432 735 2508 igitur
745 2427 913 2493 senioribus
926 2432 1090 2510 superioris
1103 2449 1176 2492 suae
1188 2432 1333 2493 ecclesiae

211 2537 410 2597 cardinalibus
427 2536 611 2614 presbyteris
628 2540 658 2596 et
673 2535 818 2606 diaconis,
834 2521 960 2596 abbates
976 2539 1006 2595 et
1021 2535 1183 2596 monachos
1202 2535 1334 2594 omnium
1389 2547 1391 2550 ·

210 2638 457 2700 monasteriorum
475 2656 528 2698 suo
549 2636 691 2714 regimini
710 2637 896 2698 subditorum
917 2641 986 2697 ante
1001 2654 1034 2698 se
1056 2637 1215 2697 conuenire
1234 2637 1333 2701 iussit.

138 2759 142 2767 ⁴
209 2743 325 2819 Quibus
340 2743 369 2801 in
387 2759 477 2804 unum
493 2740 637 2812 collectis,
655 2739 817 2818 praecepit,
835 2745 867 2799 ut
883 2739 992 2816 singuli
1008 2739 1184 2816 singillatim
1199 2757 1333 2818 quaeque

210 2845 456 2922 monasteriorum
472 2861 593 2904 suorum
609 2843 782 2904 necessaria
797 2841 909 2903 ferrent
923 2843 952 2900 in
968 2841 1112 2914 medium,
1134 2842 1205 2902 etsi
1221 2842 1333 2920 aliquid

209 2948 365 3008 molestiae
380 2951 552 3026 paterentur
575 2945 684 3008 iniuria
699 2945 953 3024 persequentium.
988 2945 1063 3004 Tum
1078 2942 1333 3022 primum-Gothe·

209 3051 421 3111 iredus‘abbas
442 3049 615 3110 monasterii
638 3049 667 3109 S.
685 3047 837 3108 Ambrosii
856 3045 1066 3108 detrimentum
1086 3047 1266 3110 lamentatus
1286 3066 1334 3108 ro·

210 3154 307 3229 gauit,
323 3158 355 3212 nt
369 3153 399 3212 in
416 3152 545 3222 cunctis;
562 3152 592 3210 in
609 3151 716 3230 quibus
733 3150 862 3212 ecclesia
877 3167 933 3210 sua
949 3149 1154 3210 diminutionis
1169 3149 1334 3210 laesionem

210 3259 381 3334 pateretur,
400 3255 647 3334 archiepiscopus
668 3254 705 3314 ad
722 3254 853 3333 priscam
869 3252 1072 3330 integritatem
1088 3271 1153 3313 eam
1168 3257 1333 3314 reuocaret.

209 3358 275 3434 Quo
302 3363 455 3438 comperto
487 3377 519 3420 re
547 3376 618 3418 uera
641 3358 797 3418 Aribertus
827 3355 1000 3432 „uniuersis
1026 3353 1258 3416 necessitatibus
1285 3355 1334 3434 pie

210 3462 391 3522 subueniens
408 3468 437 3522 et
448 3467 671 3539 persecutorum
688 3460 801 3546 rabiem
816 3457 1048 3519 mordaciter
1064 3453 1332 3536 compescens“

378 3581 412 3590 --

261 3629 282 3692 ¹)
301 3635 355 3682 Arn.
368 3633 397 3680 11.
411 3635 432 3682 7.
451 3655 476 3664 -·
491 3631 578 3679 Eodem
595 3633 662 3680 modo
679 3633 703 3679 in
722 3631 821 3692 regenda
832 3630 923 3677 abbatie
935 3628 1096 3676 Nonrntulana
1107 3631 1211 3676 uersatus
1224 3631 1266 3675 est.
1290 3629 1334 3676 De-

208 3721 287 3768 functo
299 3721 359 3767 enim
372 3734 392 3766 a.
406 3721 478 3766 1⁰³6.
503 3718 602 3766 Roduiic
615 3719 703 3775 abbate,
718 3731 873 3765 successorem
885 3717 907 3762 ei
918 3715 987 3774 elegit
998 3709 1070 3775 ipsius
1084 3717 1191 3775 nepotem
1202 3713 1334 3769 lindulfum,

208 3799 396 3866 metropolitanae
403 3804 581 3852 Mediolanensie
588 3805 698 3853 ecclesiae
705 3807 772 3852 antee
779 3804 924 3860 canonicum3
937 3803 965 3848 de
974 3801 1042 3848 terris
1051 3803 1127 3848 numm
1135 3801 1267 3850 monasterii
1275 3801 1333 3847 flde-

208 3892 268 3939 libns
281 3891 329 3938 suis
341 3891 452 3938 beneficia
462 3891 550 3938 tribuit.
577 3890 623 3938 Gir.
636 3891 750 3951 Excerpte
761 3889 860 3936 Norant.
872 3887 914 3934 l.1.
927 3902 950 3948 p;
961 3887 1022 3934 679:
1039 3885 1153 3934 Rodulins
1165 3900 1215 3933 can.
1228 3900 1257 3932 m.
1268 3885 1298 3932 id.
1309 3900 1329 3932 e.
1388 3939 1389 3942 Ἴ

209 3977 301 4026 nodulo
310 3977 398 4024 abbatis
408 3976 510 4024 defuncti
522 3991 594 4038 nepos
604 3977 676 4024 eidem
689 3978 712 4023 in
724 3975 827 4024 abbatiae
839 3974 958 4033 regimine,
972 3987 1027 4020 non
1040 3987 1054 4020 a
1065 3971 1223 4028 monacbis,
1236 3972 1285 4019 sed
1298 3970 1331 4018 ab

208 4063 363 4110 lleriberto
375 4062 589 4110 Mediolanensi
602 4061 827 4125 archiepiscopo
841 4060 954 4108 electus
967 4059 1079 4108 successit
1090 4073 1111 4104 a.
1123 4059 1204 4115 noem
1219 4059 1243 4104 et
1254 4056 1334 4105 charta

208 4163 227 4196 a.
237 4151 310 4194 1⁰28.
320 4163 357 4208 ap.
368 4147 509 4202 Tiraboechi.
519 4148 595 4196 Storia
604 4149 665 4195 delle
673 4148 743 4195 badia
752 4147 775 4194 di
785 4146 915 4196 Nonantola
925 4146 953 4192 ΙΙ,
963 4145 1022 4192 157:
1036 4141 1148 4191 Conuenit
1157 4145 1216 4190 inter
1223 4143 1332 4190 adalbar-

206 4232 245 4282 tus
258 4235 368 4281 diaconus
379 4267 385 4281 .
397 4268 418 4280 ..
432 4233 532 4281 uassallo
544 4223 622 4282 domni
634 4234 733 4280 ariberti
746 4232 913 4292 archiepiscopi
926 4231 949 4278 S.
963 4213 1141 4277 Mediolanensis
1154 4228 1223 4286 eccl.;
1239 4242 1261 4290 p.
1273 4229 1334 4277 1⁵8:

208 4323 285 4368 coarat
301 4335 343 4368 suo
354 4320 478 4376 beneflcio,
496 4321 558 4381 quod
573 4321 623 4381 ipse
634 4319 772 4368 adelbertus
789 4319 899 4366 diaconus
917 4316 1019 4363 detinere
1037 4315 1129 4362 uidetur
1146 4315 1174 4362 de
1186 4316 1251 4376 perte
1263 4314 1336 4375 ipsius

208 4406 286 4453 domni
295 4406 392 4454 Ariberti
405 4405 570 4466 archiepiscopi
581 4407 606 4452 in
617 4406 736 4464 integrum.
755 4404 861 4452 Pluribus
874 4403 902 4450 de
914 4403 950 4450 his
962 4403 1008 4462 egit
1020 4401 1154 4449 'lirubcscbl
1165 4401 1183 4449 1.
1198 4401 1254 4448 1⁰8.
1270 4401 1325 4448 104.
