3110 5022
777 241 816 300 41

693 328 739 334 ...-
742 327 895 334 ------—-

234 466 408 526 erumpens,
430 466 507 507 nunc
530 465 563 507 se
584 448 745 523 pugnando
766 447 913 522 defendit,
945 466 1022 508 nunc
1042 449 1111 508 illos
1133 449 1211 508 ultro
1234 451 1356 526 aggredi

234 551 396 615 contendit.
423 550 505 612 liare
520 549 610 627 igitur
625 551 734 610 transit
748 551 862 628 absque
878 550 1023 628 sunguine
1040 550 1105 612 dies
1121 549 1207 627 (Arn.
1223 550 1262 611 ΙΙ.
1283 551 1344 626 19).

298 651 364 716 Non
381 653 455 714 satis
472 658 603 728 constat,
623 672 694 714 num
713 653 743 714 in
760 653 868 715 ceteris
884 671 1002 731 qnoque
1017 652 1214 715 lombardiae
1232 655 1357 715 urbibus

232 757 339 820 eodem
360 761 496 836 tempore
518 756 632 818 similes
652 762 751 818 motus
773 756 974 836 prouenerint.
1005 757 1151 818 Idunum
1173 763 1357 836 compertum

233 861 394 934 babemus,
410 859 627 922 Cremonenses
642 866 712 921 tunc
726 860 833 921 iterum
849 865 954 921 contra
969 861 1143 938 episcopum
1160 879 1245 923 snum
1261 860 1358 920 rebel-

233 964 325 1036 lasse,
337 963 390 1024 sed
403 981 462 1024 nnn
475 964 572 1024 solum
585 958 715 1043 plebem,
729 963 782 1023 sed
796 963 885 1024 etiam
898 959 1129 1037 ualuessores1),
1143 969 1173 1023 et
1185 963 1357 1040 Litigerium

234 1084 352 1145 quoque
375 1065 551 1145 episcopum
568 1065 745 1128 Comensem
761 1085 827 1126 cum
843 1065 1021 1144 quibusdam
1038 1066 1181 1126 militibus
1198 1067 1260 1126 suis
1277 1066 1358 1126 litem

234 1169 271 1231 de
286 1167 432 1230 reditibus
448 1167 627 1250 quibusdam
644 1164 850 1246 exercuisse²l.

298 1272 344 1334 Ad
354 1271 580 1334 soluendashas
593 1271 799 1334 contentiones
812 1263 891 1334 circe
902 1272 1030 1345 initium,
1043 1277 1076 1334 ut
1086 1271 1212 1346 uidetur,
1228 1291 1255 1332 a.
1267 1274 1356 1331 1043.
1398 1281 1399 1286 ’

234 1377 272 1437 ab
288 1374 427 1436 Heinrico
443 1373 497 1435 ΙΙΙ.
523 1374 703 1452 ddalgarius
719 1375 924 1450 cancellarius,
940 1381 973 1435 ut
987 1375 1055 1453 ipse
1063 1375 1139 1435 dicit
1155 1361 1256 1452 „regis
1271 1371 1355 1434 uice“

234 1478 264 1538 in
280 1495 405 1556 regnum
420 1477 557 1538 italicum
574 1477 684 1538 missus
699 1486 755 1539 est.
781 1478 954 1538 Inuenimus
971 1497 1038 1540 eum
1053 1479 1083 1537 in
1099 1478 1209 1538 iudicio
1224 1478 1357 1538 residen-

234 1585 295 1642 tem
311 1580 405 1642 Tieini
425 1583 472 1640 13.
489 1580 554 1640 Kal.
572 1579 666 1640 liaies
688 1599 752 1641 cum
773 1582 841 1660 ipso
857 1576 1014 1656 Ariberto,
1035 1599 1100 1640 cum
1122 1580 1274 1658 episeopis
1289 1579 1358 1640 Rai-

234 1683 324 1744 naldo
339 1682 491 1762 Pepiensi,
507 1682 659 1761 liiprando
675 1683 863 1757 Nouariensi,
880 1683 1022 1761 Litigerio
1036 1682 1174 1744 Comensi
1181 1677 1226 1758 3);
1243 1699 1357 1742 necnon

235 1785 360 1860 Comae,
377 1785 428 1846 ubi
443 1785 524 1845 litem
540 1785 618 1846 inter
630 1786 805 1864 episcopum
822 1793 851 1846 et
865 1785 1015 1847 uassallos
1031 1785 1062 1844 in
1078 1784 1157 1851 illius
1171 1786 1296 1862 gratiam
1314 1784 1358 1845 di·

235 1889 333 1950 remit.
365 1887 507 1949 Similiter
522 1889 610 1948 etiam
626 1889 728 1950 literas
745 1890 852 1950 direxit
868 1890 1026 1966 „omnibus
1043 1887 1186 1948 militibus
1202 1888 1358 1948 ualuasso·

234 1991 318 2052 ribus
340 1991 479 2068 omnique
501 1991 610 2068 populo
626 1991 661 2051 'iu
682 1986 860 2072 episcopatu
876 1991 1069 2052 Cremonensi
1091 2007 1144 2050 seu
1165 1991 1194 2050 in
1216 1991 1359 2051 comitatu

233 2094 453 2166 babitantibuS,
468 2111 524 2154 uec
539 2111 598 2154 uon
615 2095 729 2155 cunctis
746 2095 861 2155 ciuibus
877 2101 937 2180 tarn
954 2094 1116 2154 maioribus
1133 2111 1221 2171 quam
1238 2093 1358 2153 minori·

235 2194 323 2268 bus“‚
341 2201 377 2256 ut
393 2213 599 2274 ,quacumque
614 2197 662 2258 die
678 2197 726 2258 uel
742 2202 877 2276 tempore
892 2195 1049 2256 Hubaldus
1066 2182 1278 2257 Cremonensis
1296 2197 1360 2274 epi·

236 2317 347 2378 scopus
363 2291 509 2376 placitum
522 2307 623 2360 tenere
639 2300 745 2374 uellet,
762 2318 865 2360 omnes
881 2298 1077 2359 communiter
1092 2295 1345 2372 conuenircut“⁴).

300 2401 455 2476 Quomodo
472 2401 631 2462 Mediolani
647 2401 775 2479 denique
790 2419 839 2463 res
857 2401 1011 2463 ordinatae
1031 2396 1106 2473 siut,
1127 2420 1232 2480 parum
1257 2402 1359 2479 liquet.

234 2504 400 2566 Landnlfus
416 2504 536 2582 quidem
553 2504 617 2564 inse
634 2511 735 2566 narrat
751 2499 801 2583 (II.
818 2502 885 2582 26),
901 2504 1068 2564 Lentonem
1081 2523 1100 2564 a
1115 2504 1259 2565 militibus
1275 2521 1360 2582 pres-

235 2625 301 2670 sum
319 2607 350 2667 in
366 2605 557 2667 Germaniam
573 2607 609 2666 ed
626 2607 798 2668 Heinricnm
814 2607 999 2687 profugisse,
1021 2607 1071 2684 qui
1091 2607 1230 2667 auxilium
1249 2607 1276 2665 ei
1292 2625 1359 2686 pro-

235 2709 359 2781 miserit,
376 2709 401 2770 si
415 2713 503 2770 antea
515 2709 603 2770 fidem
616 2710 748 2786 lecisset,
765 2691 981 2788 cuatuormilia
990 2709 1120 2786 equitum
1131 2709 1360 2769 Teutonicomm

235 2813 265 2872 in
280 2813 383 2874 urbem
401 2829 433 2873 se
449 2814 648 2890 recepturum.
679 2811 810 2874 Primum
825 2813 993 2874 Lanzouem
1009 2813 1066 2872 hoc
1082 2811 1290 2883 confirmasse,
1314 2829 1360 2871 re-

236 2915 341 2975 ducem
367 2931 449 2975 uerov
467 2915 498 2975 in
524 2916 666 2993 patriam,
696 2916 861 2977 Teutonum
885 2916 991 2976 timore
1012 2916 1165 2986 affectum,
1193 2913 1311 2992 plebem
1332 2919 1361 2973 et

235 3017 347 3078 milites
368 3017 503 3078 consiliis
523 3017 587 3078 suis
610 3004 646 3078 et*
660 3017 845 3078 orationibus
871 3018 909 3078 ad
932 3024 1062 3078 mutuam
1088 3005 1360 3077 reconciliationem
1394 3005 1396 3010 ’
1478 3005 1481 3009 ’

236 3119 422 3198 perduxisse.
453 3118 510 3178 Sed
527 3119 602 3179 haec
623 3121 835 3180 narrationum
859 3121 1024 3181 manifestis
1049 3119 1199 3180 erroribus
1218 3114 1360 3196 scutati),

235 3228 297 3282 tum
314 3222 429 3282 Arnulfi
450 3222 550 3302 uerbis
572 3229 601 3282 et
622 3222 780 3282 uniuersae
806 3241 904 3282 rerum
926 3222 1096 3282 Italicarum
1112 3220 1284 3281 ,conditioni
1306 3239 1360 3299 op·

237 3316 360 3402 pugnat.
385 3324 522 3400 Rectius,
538 3324 591 3384 sed
602 3355 646 3366 -
658 3325 736 3402 quod
754 3324 962 3384 dolendum—
977 3325 1065 3384 etiem
1080 3324 1202 3384 breuius
1219 3323 1361 3384 Arnulfus

236 3427 311 3487 baec
325 3421 378 3501 (ΙΙ.
400 3425 464 3504 19):
482 3426 634 3504 ,Cumque
650 3427 777 3487 triennio
794 3434 896 3506 partes
913 3427 957 3486 sie
972 3426 1202 3500 baccharentur,
1218 3431 1360 3502 utraeque

235 3529 442 3590 uicissitudine
464 3530 592 3608 quadam
614 3529 684 3607 quid
705 3537 809 3590 contra
834 3547 866 3590 se
892 3530 1018 3590 inuicem
1041 3523 1167 3606 possent
1192 3528 1362 3604 frequenter

287 3677 307 3740 ¹)
327 3683 372 3730 Cir.
385 3683 474 3730 Literee
484 3683 600 3742 Adelgarii
612 3699 648 3744 ap.
661 3683 781 3740 Murstori,
795 3684 950 3742 Antiquitates
962 3681 1001 3728 vt.
1016 3683 1056 3728 te.

287 3760 308 3826 ²)
327 3768 373 3815 Cir.
385 3768 498 3816 Placitum
511 3783 546 3829 ap.
558 3767 649 3828 Ughelll
661 3769 689 3815 V.
702 3770 759 3816 aet.

288 3846 308 3912 ³)
327 3853 440 3901 Placitum
452 3867 487 3914 ap.
500 3853 621 3909 duraturi,
634 3855 789 3914 Antiquitates
802 3853 830 3900 V.
845 3854 901 3900 521,

286 3933 308 3997 ⁴)
327 3938 373 3986 Cir.
386 3939 499 3986 Placitum
512 3953 547 4000 ap.
561 3938 652 3998 Ugbelli
665 3939 693 3986 V,
707 3940 768 3996 28st
781 3939 870 3986 literae
882 3937 998 3998 Adelgadi
1010 3937 1025 3982 1.
1039 3937 1055 3982 l.
1077 3973 1080 3979 .

288 4019 308 4083 ⁵)
328 4025 366 4072 Sic
384 4025 432 4072 eius
449 4024 530 4070 uerba:
551 4023 687 4080 ,Henricum
704 4025 875 4084 imperatorem,
894 4025 933 4084 qui
945 4023 1047 4076 nouiter,
1065 4025 1144 4068 contra
1160 4025 1235 4067 tumen
1249 4021 1362 4068 Heriberti

235 4110 377 4157 uoluntatem
396 4105 549 4164 surrexerut“‚
567 4112 590 4155 et
606 4112 698 4169 postea:
719 4109 877 4168 ,Heribertus‚
896 4109 950 4168 quie
966 4107 1078 4154 Henricns
1096 4107 1123 4154 dc
1140 4107 1238 4153 Conradi
1254 4107 1362 4166 progenie

236 4195 345 4254 originem
358 4195 464 4249 duxerat,
484 4229 489 4239 .
504 4228 509 4239 .
524 4228 529 4240 .
543 4207 650 4252 arogno,
669 4197 748 4241 contre
766 4195 827 4255 qued
839 4195 888 4241 eius
901 4193 1042 4241 uoluntatem
1056 4193 1099 4238 sibi
1112 4195 1252 4252 sumpserat,
1271 4193 1367 4238 omnino·

236 4281 386 4335 dissentiens,
399 4283 425 4326 nt
437 4280 506 4326 alium
519 4279 591 4326 Roma
603 4293 654 4326 cum
667 4279 734 4327 ltalia
745 4294 819 4340 regem
832 4278 937 4336 heberet,
952 4277 1063 4326 solliciter
1075 4291 1166 4342 opernm
1179 4274 1272 4332 dubet“,
1285 4278 1363 4342 aperte

235 4365 295 4415 falsu
306 4369 366 4414 suut.
