<?xml version="1.0" encoding="UTF-8"?>
<!DOCTYPE html PUBLIC "-//W3C//DTD XHTML 1.0 Transitional//EN"
    "http://www.w3.org/TR/xhtml1/DTD/xhtml1-transitional.dtd">
<html xmlns="http://www.w3.org/1999/xhtml" xml:lang="en" lang="en">
 <head>
  <title>
</title>
<meta http-equiv="Content-Type" content="text/html;charset=utf-8" />
  <meta name='ocr-system' content='tesseract 3.04.00' />
  <meta name='ocr-capabilities' content='ocr_page ocr_carea ocr_par ocr_line ocrx_word'/>
</head>
<body>
  <div class='ocr_page' id='page_1' title='image "./dearibertoiimed00aribgoog_0041.png"; bbox 0 0 3110 5022; ppageno 0'>
   <div class='ocr_carea' id='block_1_1' title="bbox 820 281 949 344">
    <p class='ocr_par' dir='ltr' id='par_1_1' title="bbox 820 281 949 344">
     <span class='ocr_line' id='line_1_1' title="bbox 820 281 949 344; baseline -0.047 1"><span class='ocrx_word' id='word_1_1' title='bbox 820 281 949 344; x_wconf 78' lang='lat'><strong>36.</strong></span> 
     </span>
    </p>
   </div>
   <div class='ocr_carea' id='block_1_2' title="bbox 737 367 940 378">
    <p class='ocr_par' dir='ltr' id='par_1_2' title="bbox 737 367 940 378">
     <span class='ocr_line' id='line_1_2' title="bbox 737 367 940 378; baseline 0 -2"><span class='ocrx_word' id='word_1_2' title='bbox 737 367 940 378; x_wconf 80' lang='lat'>———.</span> 
     </span>
    </p>
   </div>
   <div class='ocr_carea' id='block_1_3' title="bbox 595 557 1076 741">
    <p class='ocr_par' dir='ltr' id='par_1_3' title="bbox 595 557 1076 741">
     <span class='ocr_line' id='line_1_3' title="bbox 813 557 864 620; baseline 0 -1"><span class='ocrx_word' id='word_1_3' title='bbox 813 557 864 620; x_wconf 86' lang='lat' dir='ltr'><strong>lv.</strong></span> 
     </span>
     <span class='ocr_line' id='line_1_4' title="bbox 595 676 1076 741; baseline 0.008 -4"><span class='ocrx_word' id='word_1_4' title='bbox 595 676 647 736; x_wconf 80' lang='grc' dir='ltr'><strong>ΒΕ</strong></span> <span class='ocrx_word' id='word_1_5' title='bbox 670 676 879 738; x_wconf 76' lang='lat' dir='ltr'>SEDITIONE</span> <span class='ocrx_word' id='word_1_6' title='bbox 901 677 1076 741; x_wconf 79' lang='lat' dir='ltr'><strong>PLEBEIA.</strong></span> 
     </span>
    </p>
   </div>
   <div class='ocr_carea' id='block_1_4' title="bbox 185 797 1400 3446">
    <p class='ocr_par' dir='ltr' id='par_1_4' title="bbox 185 797 1400 2729">
     <span class='ocr_line' id='line_1_5' title="bbox 340 797 1398 878; baseline -0.002 -18"><span class='ocrx_word' id='word_1_7' title='bbox 340 799 455 860; x_wconf 71' lang='lat' dir='ltr'><strong>Inde&#39;a</strong></span> <span class='ocrx_word' id='word_1_8' title='bbox 476 797 742 874; x_wconf 80' lang='lat' dir='ltr'>Langobardorum</span> <span class='ocrx_word' id='word_1_9' title='bbox 768 798 969 877; x_wconf 79' lang='lat' dir='ltr'><strong>temporibus,</strong></span> <span class='ocrx_word' id='word_1_10' title='bbox 995 797 1076 878; x_wconf 89' lang='lat' dir='ltr'><strong>apud</strong></span> <span class='ocrx_word' id='word_1_11' title='bbox 1099 815 1173 875; x_wconf 91' lang='lat' dir='ltr'><strong>quos</strong></span> <span class='ocrx_word' id='word_1_12' title='bbox 1196 798 1255 858; x_wconf 90' lang='lat' dir='ltr'><strong>iam</strong></span> <span class='ocrx_word' id='word_1_13' title='bbox 1279 799 1398 859; x_wconf 81' lang='lat' dir='ltr'><strong>Aistulli</strong></span> 
     </span>
     <span class='ocr_line' id='line_1_6' title="bbox 275 900 1399 980; baseline 0 -18"><span class='ocrx_word' id='word_1_14' title='bbox 275 908 372 962; x_wconf 88' lang='lat' dir='ltr'><strong>aetate</strong></span> <span class='ocrx_word' id='word_1_15' title='bbox 393 907 573 968; x_wconf 79' lang='lat' dir='ltr'><strong>mercatores</strong></span> <span class='ocrx_word' id='word_1_16' title='bbox 593 901 631 968; x_wconf 81' lang='lat' dir='ltr'><strong>ad</strong></span> <span class='ocrx_word' id='word_1_17' title='bbox 653 900 780 960; x_wconf 79' lang='lat' dir='ltr'><strong>similem</strong></span> <span class='ocrx_word' id='word_1_18' title='bbox 802 918 1012 979; x_wconf 90' lang='lat' dir='ltr'><strong>possessorum</strong></span> <span class='ocrx_word' id='word_1_19' title='bbox 1034 901 1271 962; x_wconf 80' lang='lat' dir='ltr'><strong>aestimationem</strong></span> <span class='ocrx_word' id='word_1_20' title='bbox 1292 919 1399 980; x_wconf 86' lang='lat' dir='ltr'><strong>perue-</strong></span> 
     </span>
     <span class='ocr_line' id='line_1_7' title="bbox 275 999 1398 1082; baseline 0.002 -20"><span class='ocrx_word' id='word_1_21' title='bbox 275 999 428 1082; x_wconf 84' lang='lat' dir='ltr'><strong>nerant¹),</strong></span> <span class='ocrx_word' id='word_1_22' title='bbox 449 1004 478 1064; x_wconf 91' lang='lat' dir='ltr'><strong>in</strong></span> <span class='ocrx_word' id='word_1_23' title='bbox 499 1003 600 1064; x_wconf 91' lang='lat' dir='ltr'><strong>multis</strong></span> <span class='ocrx_word' id='word_1_24' title='bbox 620 1002 819 1064; x_wconf 85' lang='lat' dir='ltr'><strong>Lombardiae</strong></span> <span class='ocrx_word' id='word_1_25' title='bbox 840 1009 870 1064; x_wconf 92' lang='lat' dir='ltr'><strong>et</strong></span> <span class='ocrx_word' id='word_1_26' title='bbox 891 1003 1016 1064; x_wconf 85' lang='lat' dir='ltr'><strong>Tusciae</strong></span> <span class='ocrx_word' id='word_1_27' title='bbox 1038 1003 1176 1076; x_wconf 87' lang='lat' dir='ltr'><strong>urbibus,</strong></span> <span class='ocrx_word' id='word_1_28' title='bbox 1197 1002 1318 1063; x_wconf 90' lang='lat' dir='ltr'><strong>discreti</strong></span> <span class='ocrx_word' id='word_1_29' title='bbox 1339 1022 1398 1064; x_wconf 89' lang='lat' dir='ltr'><strong>non</strong></span> 
     </span>
     <span class='ocr_line' id='line_1_8' title="bbox 275 1105 1399 1184; baseline 0 -18"><span class='ocrx_word' id='word_1_30' title='bbox 275 1107 372 1166; x_wconf 91' lang='lat' dir='ltr'><strong>minus</strong></span> <span class='ocrx_word' id='word_1_31' title='bbox 396 1107 435 1167; x_wconf 92' lang='lat' dir='ltr'><strong>ab</strong></span> <span class='ocrx_word' id='word_1_32' title='bbox 458 1107 516 1181; x_wconf 90' lang='lat' dir='ltr'><strong>eis,</strong></span> <span class='ocrx_word' id='word_1_33' title='bbox 539 1107 589 1184; x_wconf 91' lang='lat' dir='ltr'><strong>qui</strong></span> <span class='ocrx_word' id='word_1_34' title='bbox 610 1106 719 1166; x_wconf 80' lang='lat' dir='ltr'><strong>feudali</strong></span> <span class='ocrx_word' id='word_1_35' title='bbox 742 1125 818 1166; x_wconf 82' lang='lat' dir='ltr'><strong>nexu</strong></span> <span class='ocrx_word' id='word_1_36' title='bbox 839 1107 1031 1180; x_wconf 89' lang='lat' dir='ltr'><strong>tenebantur,</strong></span> <span class='ocrx_word' id='word_1_37' title='bbox 1054 1124 1143 1184; x_wconf 90' lang='lat' dir='ltr'><strong>quam</strong></span> <span class='ocrx_word' id='word_1_38' title='bbox 1166 1105 1203 1165; x_wconf 91' lang='lat' dir='ltr'><strong>ab</strong></span> <span class='ocrx_word' id='word_1_39' title='bbox 1227 1105 1399 1166; x_wconf 88' lang='lat' dir='ltr'><strong>aldionibus</strong></span> 
     </span>
     <span class='ocr_line' id='line_1_9' title="bbox 275 1207 1399 1288; baseline 0 -20"><span class='ocrx_word' id='word_1_40' title='bbox 275 1210 445 1286; x_wconf 89' lang='lat' dir='ltr'><strong>seruisque,</strong></span> <span class='ocrx_word' id='word_1_41' title='bbox 469 1227 527 1269; x_wconf 92' lang='lat' dir='ltr'><strong>non</strong></span> <span class='ocrx_word' id='word_1_42' title='bbox 550 1209 638 1288; x_wconf 87' lang='lat' dir='ltr'><strong>pauci</strong></span> <span class='ocrx_word' id='word_1_43' title='bbox 659 1209 811 1286; x_wconf 90' lang='lat' dir='ltr'><strong>antiquam</strong></span> <span class='ocrx_word' id='word_1_44' title='bbox 828 1208 994 1271; x_wconf 87' lang='lat' dir='ltr'><strong>libertatem</strong></span> <span class='ocrx_word' id='word_1_45' title='bbox 1011 1214 1206 1268; x_wconf 90' lang='lat' dir='ltr'><strong>seruauerant</strong></span> <span class='ocrx_word' id='word_1_46' title='bbox 1222 1207 1399 1284; x_wconf 63' lang='lat' dir='ltr'><strong>„arimanni</strong></span> 
     </span>
     <span class='ocr_line' id='line_1_10' title="bbox 185 1305 1398 1391; baseline 0 -21"><span class='ocrx_word' id='word_1_47' title='bbox 185 1386 187 1390; x_wconf 17' lang='grc' dir='ltr'><strong><em>ι</em></strong></span> <span class='ocrx_word' id='word_1_48' title='bbox 226 1385 229 1390; x_wconf 27' lang='grc' dir='ltr'>Ι</span> <span class='ocrx_word' id='word_1_49' title='bbox 275 1313 358 1379; x_wconf 85' lang='lat' dir='ltr'><strong>ciues</strong></span> <span class='ocrx_word' id='word_1_50' title='bbox 373 1306 767 1391; x_wconf 80' lang='lat' dir='ltr'><strong>(propriasignificatione),</strong></span> <span class='ocrx_word' id='word_1_51' title='bbox 789 1309 938 1389; x_wconf 86' lang='lat' dir='ltr'><strong>populus“</strong></span> <span class='ocrx_word' id='word_1_52' title='bbox 955 1305 1068 1386; x_wconf 61' lang='lat' dir='ltr'><strong>dicti2).</strong></span> <span class='ocrx_word' id='word_1_53' title='bbox 1103 1309 1235 1386; x_wconf 80' lang='lat' dir='ltr'><strong>Quorum</strong></span> <span class='ocrx_word' id='word_1_54' title='bbox 1249 1312 1280 1370; x_wconf 88' lang='lat' dir='ltr'><strong>in</strong></span> <span class='ocrx_word' id='word_1_55' title='bbox 1296 1329 1398 1370; x_wconf 88' lang='lat' dir='ltr'><strong>nume·</strong></span> 
     </span>
     <span class='ocr_line' id='line_1_11' title="bbox 273 1413 1399 1493; baseline -0.002 -17"><span class='ocrx_word' id='word_1_56' title='bbox 273 1433 338 1476; x_wconf 90' lang='lat' dir='ltr'><strong>rum</strong></span> <span class='ocrx_word' id='word_1_57' title='bbox 353 1413 500 1493; x_wconf 86' lang='lat' dir='ltr'><strong>imprimis</strong></span> <span class='ocrx_word' id='word_1_58' title='bbox 516 1413 664 1476; x_wconf 86' lang='lat' dir='ltr'><strong>referendi</strong></span> <span class='ocrx_word' id='word_1_59' title='bbox 678 1419 764 1488; x_wconf 89' lang='lat' dir='ltr'><strong>sunt,</strong></span> <span class='ocrx_word' id='word_1_60' title='bbox 786 1415 837 1492; x_wconf 90' lang='lat' dir='ltr'><strong>qui</strong></span> <span class='ocrx_word' id='word_1_61' title='bbox 851 1414 1059 1491; x_wconf 85' lang='lat' dir='ltr'><strong>ingenuiores,</strong></span> <span class='ocrx_word' id='word_1_62' title='bbox 1080 1420 1114 1476; x_wconf 93' lang='lat' dir='ltr'><strong>ut</strong></span> <span class='ocrx_word' id='word_1_63' title='bbox 1127 1414 1169 1474; x_wconf 90' lang='lat' dir='ltr'><strong>ita</strong></span> <span class='ocrx_word' id='word_1_64' title='bbox 1184 1413 1296 1488; x_wconf 88' lang='lat' dir='ltr'><strong>dicam,</strong></span> <span class='ocrx_word' id='word_1_65' title='bbox 1318 1419 1399 1474; x_wconf 88' lang='lat' dir='ltr'><strong>artes</strong></span> 
     </span>
     <span class='ocr_line' id='line_1_12' title="bbox 275 1511 1398 1594; baseline -0.002 -16"><span class='ocrx_word' id='word_1_66' title='bbox 275 1518 465 1579; x_wconf 84' lang='lat' dir='ltr'><strong>exercebant:</strong></span> <span class='ocrx_word' id='word_1_67' title='bbox 482 1517 634 1592; x_wconf 85' lang='lat' dir='ltr'><strong>aurifices,</strong></span> <span class='ocrx_word' id='word_1_68' title='bbox 650 1518 826 1594; x_wconf 86' lang='lat' dir='ltr'><strong>argentarii,</strong></span> <span class='ocrx_word' id='word_1_69' title='bbox 843 1517 973 1590; x_wconf 81' lang='lat' dir='ltr'><strong>terrarii,</strong></span> <span class='ocrx_word' id='word_1_70' title='bbox 989 1511 1184 1593; x_wconf 79' lang='lat' dir='ltr'><strong>monetarii³t,</strong></span> <span class='ocrx_word' id='word_1_71' title='bbox 1200 1517 1398 1593; x_wconf 82' lang='lat' dir='ltr'><strong>negotiantes.</strong></span> 
     </span>
     <span class='ocr_line' id='line_1_13' title="bbox 187 1611 1399 1698; baseline -0.003 -17"><span class='ocrx_word' id='word_1_72' title='bbox 187 1611 189 1616; x_wconf 64' lang='grc'>’</span> <span class='ocrx_word' id='word_1_73' title='bbox 274 1619 459 1682; x_wconf 86' lang='lat' dir='ltr'><strong>Seditionum</strong></span> <span class='ocrx_word' id='word_1_74' title='bbox 481 1620 599 1682; x_wconf 87' lang='lat' dir='ltr'><strong>illarum</strong></span> <span class='ocrx_word' id='word_1_75' title='bbox 622 1627 726 1682; x_wconf 85' lang='lat' dir='ltr'><strong>contra</strong></span> <span class='ocrx_word' id='word_1_76' title='bbox 746 1621 955 1698; x_wconf 92' lang='lat' dir='ltr'><strong>episcoporum</strong></span> <span class='ocrx_word' id='word_1_77' title='bbox 976 1619 1160 1681; x_wconf 88' lang='lat' dir='ltr'><strong>dominatum</strong></span> <span class='ocrx_word' id='word_1_78' title='bbox 1181 1619 1340 1694; x_wconf 84' lang='lat' dir='ltr'><strong>factarum,</strong></span> <span class='ocrx_word' id='word_1_79' title='bbox 1361 1618 1399 1678; x_wconf 89' lang='lat' dir='ltr'><strong>de</strong></span> 
     </span>
     <span class='ocr_line' id='line_1_14' title="bbox 274 1720 1399 1802; baseline -0.002 -20"><span class='ocrx_word' id='word_1_80' title='bbox 274 1723 382 1800; x_wconf 91' lang='lat' dir='ltr'><strong>quibus</strong></span> <span class='ocrx_word' id='word_1_81' title='bbox 399 1741 491 1801; x_wconf 90' lang='lat' dir='ltr'><strong>supra</strong></span> <span class='ocrx_word' id='word_1_82' title='bbox 505 1722 632 1800; x_wconf 82' lang='lat' dir='ltr'><strong>egimus,</strong></span> <span class='ocrx_word' id='word_1_83' title='bbox 648 1723 761 1802; x_wconf 91' lang='lat' dir='ltr'><strong>pariter</strong></span> <span class='ocrx_word' id='word_1_84' title='bbox 775 1723 894 1784; x_wconf 84' lang='lat' dir='ltr'><strong>fuerant</strong></span> <span class='ocrx_word' id='word_1_85' title='bbox 908 1722 1071 1802; x_wconf 81' lang='lat' dir='ltr'><strong>participes</strong></span> <span class='ocrx_word' id='word_1_86' title='bbox 1087 1727 1176 1800; x_wconf 90' lang='lat' dir='ltr'><strong>atque</strong></span> <span class='ocrx_word' id='word_1_87' title='bbox 1191 1720 1399 1795; x_wconf 88' lang='lat' dir='ltr'><strong>ualuassores;</strong></span> 
     </span>
     <span class='ocr_line' id='line_1_15' title="bbox 274 1823 1398 1904; baseline -0.001 -20"><span class='ocrx_word' id='word_1_88' title='bbox 274 1825 400 1886; x_wconf 78' lang='lat' dir='ltr'><strong>Arduini</strong></span> <span class='ocrx_word' id='word_1_89' title='bbox 420 1825 450 1886; x_wconf 95' lang='lat' dir='ltr'><strong>in</strong></span> <span class='ocrx_word' id='word_1_90' title='bbox 471 1825 683 1888; x_wconf 84' lang='lat' dir='ltr'><strong>certaminibus</strong></span> <span class='ocrx_word' id='word_1_91' title='bbox 703 1826 926 1904; x_wconf 84' lang='lat' dir='ltr'><strong>episcopalibus</strong></span> <span class='ocrx_word' id='word_1_92' title='bbox 943 1826 1024 1886; x_wconf 88' lang='lat' dir='ltr'><strong>ciues</strong></span> <span class='ocrx_word' id='word_1_93' title='bbox 1039 1823 1260 1904; x_wconf 82' lang='lat' dir='ltr'><strong>Eporedienses</strong></span> <span class='ocrx_word' id='word_1_94' title='bbox 1274 1841 1336 1884; x_wconf 92' lang='lat' dir='ltr'><strong>non</strong></span> <span class='ocrx_word' id='word_1_95' title='bbox 1352 1841 1398 1883; x_wconf 89' lang='lat' dir='ltr'><strong>sc-</strong></span> 
     </span>
     <span class='ocr_line' id='line_1_16' title="bbox 274 1923 1400 2007; baseline 0 -21"><span class='ocrx_word' id='word_1_96' title='bbox 274 1944 326 1988; x_wconf 91' lang='lat' dir='ltr'><strong>cus</strong></span> <span class='ocrx_word' id='word_1_97' title='bbox 342 1945 378 1988; x_wconf 90' lang='lat' dir='ltr'><strong>ac</strong></span> <span class='ocrx_word' id='word_1_98' title='bbox 393 1927 503 1988; x_wconf 84' lang='lat' dir='ltr'><strong>milites</strong></span> <span class='ocrx_word' id='word_1_99' title='bbox 520 1945 587 1988; x_wconf 90' lang='lat' dir='ltr'><strong>eum</strong></span> <span class='ocrx_word' id='word_1_100' title='bbox 602 1923 820 2007; x_wconf 84' lang='lat' dir='ltr'><strong>adiuueraut⁴).</strong></span> <span class='ocrx_word' id='word_1_101' title='bbox 854 1927 892 1988; x_wconf 83' lang='lat' dir='ltr'><strong>Et</strong></span> <span class='ocrx_word' id='word_1_102' title='bbox 911 1927 970 1988; x_wconf 90' lang='lat' dir='ltr'><strong>iam</strong></span> <span class='ocrx_word' id='word_1_103' title='bbox 992 1928 1071 1988; x_wconf 89' lang='lat' dir='ltr'><strong>circa</strong></span> <span class='ocrx_word' id='word_1_104' title='bbox 1090 1927 1164 1988; x_wconf 89' lang='lat' dir='ltr'><strong>baec</strong></span> <span class='ocrx_word' id='word_1_105' title='bbox 1181 1926 1249 2005; x_wconf 89' lang='lat' dir='ltr'><strong>ipsa</strong></span> <span class='ocrx_word' id='word_1_106' title='bbox 1262 1931 1400 2004; x_wconf 87' lang='lat' dir='ltr'><strong>tempora</strong></span> 
     </span>
     <span class='ocr_line' id='line_1_17' title="bbox 274 2029 1398 2108; baseline 0.001 -19"><span class='ocrx_word' id='word_1_107' title='bbox 274 2030 383 2107; x_wconf 86' lang='lat' dir='ltr'><strong>ubique</strong></span> <span class='ocrx_word' id='word_1_108' title='bbox 404 2030 466 2090; x_wconf 86' lang='lat' dir='ltr'><strong>lere</strong></span> <span class='ocrx_word' id='word_1_109' title='bbox 487 2031 525 2092; x_wconf 84' lang='lat' dir='ltr'><strong>ad</strong></span> <span class='ocrx_word' id='word_1_110' title='bbox 547 2031 689 2092; x_wconf 86' lang='lat' dir='ltr'><strong>maiorem</strong></span> <span class='ocrx_word' id='word_1_111' title='bbox 706 2035 735 2090; x_wconf 90' lang='lat' dir='ltr'><strong>et</strong></span> <span class='ocrx_word' id='word_1_112' title='bbox 751 2029 904 2107; x_wconf 81' lang='lat' dir='ltr'><strong>dignitatis</strong></span> <span class='ocrx_word' id='word_1_113' title='bbox 925 2035 956 2090; x_wconf 87' lang='lat' dir='ltr'><strong>et</strong></span> <span class='ocrx_word' id='word_1_114' title='bbox 975 2029 1127 2108; x_wconf 87' lang='lat' dir='ltr'><strong>potentiae</strong></span> <span class='ocrx_word' id='word_1_115' title='bbox 1148 2029 1274 2108; x_wconf 59' lang='lat' dir='ltr'><strong>madum</strong></span> <span class='ocrx_word' id='word_1_116' title='bbox 1294 2047 1398 2090; x_wconf 88' lang='lat' dir='ltr'><strong>ascen·</strong></span> 
     </span>
     <span class='ocr_line' id='line_1_18' title="bbox 275 2127 1398 2212; baseline -0.002 -20"><span class='ocrx_word' id='word_1_117' title='bbox 275 2132 345 2194; x_wconf 89' lang='lat' dir='ltr'><strong>dere</strong></span> <span class='ocrx_word' id='word_1_118' title='bbox 360 2138 530 2212; x_wconf 85' lang='lat' dir='ltr'><strong>coeperant.</strong></span> <span class='ocrx_word' id='word_1_119' title='bbox 568 2127 605 2194; x_wconf 75' lang='lat' dir='ltr'><strong>A.</strong></span> <span class='ocrx_word' id='word_1_120' title='bbox 625 2136 715 2194; x_wconf 82' lang='lat'><strong>1004.</strong></span> <span class='ocrx_word' id='word_1_121' title='bbox 739 2133 868 2212; x_wconf 88' lang='lat' dir='ltr'><strong>primum</strong></span> <span class='ocrx_word' id='word_1_122' title='bbox 891 2151 1010 2212; x_wconf 81' lang='lat' dir='ltr'><strong>pugnae</strong></span> <span class='ocrx_word' id='word_1_123' title='bbox 1032 2133 1101 2194; x_wconf 89' lang='lat' dir='ltr'><strong>illae</strong></span> <span class='ocrx_word' id='word_1_124' title='bbox 1124 2131 1300 2197; x_wconf 76' lang='lat' dir='ltr'><strong>uotimimae</strong></span> <span class='ocrx_word' id='word_1_125' title='bbox 1321 2131 1398 2192; x_wconf 87' lang='lat' dir='ltr'><strong>inter</strong></span> 
     </span>
     <span class='ocr_line' id='line_1_19' title="bbox 273 2233 1397 2314; baseline -0.002 -18"><span class='ocrx_word' id='word_1_126' title='bbox 273 2233 423 2296; x_wconf 86' lang='lat' dir='ltr'><strong>Lucenses</strong></span> <span class='ocrx_word' id='word_1_127' title='bbox 439 2242 470 2298; x_wconf 84' lang='lat' dir='ltr'><strong>et</strong></span> <span class='ocrx_word' id='word_1_128' title='bbox 484 2235 611 2296; x_wconf 90' lang='lat' dir='ltr'><strong>Pisanos</strong></span> <span class='ocrx_word' id='word_1_129' title='bbox 626 2235 657 2296; x_wconf 90' lang='lat' dir='ltr'><strong>in</strong></span> <span class='ocrx_word' id='word_1_130' title='bbox 669 2235 778 2296; x_wconf 85' lang='lat' dir='ltr'><strong>Tuscia</strong></span> <span class='ocrx_word' id='word_1_131' title='bbox 793 2241 988 2310; x_wconf 88' lang='lat' dir='ltr'><strong>emerserant;</strong></span> <span class='ocrx_word' id='word_1_132' title='bbox 1005 2235 1096 2314; x_wconf 90' lang='lat' dir='ltr'><strong>paulo</strong></span> <span class='ocrx_word' id='word_1_133' title='bbox 1111 2240 1183 2314; x_wconf 90' lang='lat' dir='ltr'><strong>post</strong></span> <span class='ocrx_word' id='word_1_134' title='bbox 1197 2234 1279 2298; x_wconf 85' lang='lat' dir='ltr'><strong>ciues</strong></span> <span class='ocrx_word' id='word_1_135' title='bbox 1296 2233 1397 2294; x_wconf 88' lang='lat' dir='ltr'><strong>Pisani</strong></span> 
     </span>
     <span class='ocr_line' id='line_1_20' title="bbox 274 2334 1399 2417; baseline 0 -19"><span class='ocrx_word' id='word_1_136' title='bbox 274 2336 322 2400; x_wconf 87' lang='lat' dir='ltr'><strong>uel</strong></span> <span class='ocrx_word' id='word_1_137' title='bbox 338 2343 442 2400; x_wconf 89' lang='lat' dir='ltr'><strong>contra</strong></span> <span class='ocrx_word' id='word_1_138' title='bbox 456 2336 623 2401; x_wconf 84' lang='lat' dir='ltr'><strong>Saracenos</strong></span> <span class='ocrx_word' id='word_1_139' title='bbox 638 2338 764 2400; x_wconf 82' lang='lat' dir='ltr'><strong>feliciter</strong></span> <span class='ocrx_word' id='word_1_140' title='bbox 779 2335 1029 2417; x_wconf 81' lang='lat' dir='ltr'><strong>pugnauerunt⁵).</strong></span> <span class='ocrx_word' id='word_1_141' title='bbox 1059 2337 1172 2400; x_wconf 84' lang='lat' dir='ltr'><strong>Eodem</strong></span> <span class='ocrx_word' id='word_1_142' title='bbox 1188 2337 1277 2398; x_wconf 89' lang='lat' dir='ltr'><strong>modo</strong></span> <span class='ocrx_word' id='word_1_143' title='bbox 1294 2334 1399 2398; x_wconf 88' lang='lat' dir='ltr'><strong>Genua</strong></span> 
     </span>
     <span class='ocr_line' id='line_1_21' title="bbox 273 2433 1398 2519; baseline 0 -19"><span class='ocrx_word' id='word_1_144' title='bbox 273 2441 439 2504; x_wconf 86' lang='lat' dir='ltr'><strong>laetissima</strong></span> <span class='ocrx_word' id='word_1_145' title='bbox 452 2441 635 2502; x_wconf 86' lang='lat' dir='ltr'><strong>incrementa</strong></span> <span class='ocrx_word' id='word_1_146' title='bbox 654 2441 747 2518; x_wconf 84' lang='lat' dir='ltr'><strong>cepit,</strong></span> <span class='ocrx_word' id='word_1_147' title='bbox 769 2447 853 2504; x_wconf 87' lang='lat' dir='ltr'><strong>et-</strong></span> <span class='ocrx_word' id='word_1_148' title='bbox 869 2448 902 2501; x_wconf 91' lang='lat' dir='ltr'><strong>nt</strong></span> <span class='ocrx_word' id='word_1_149' title='bbox 917 2442 1019 2503; x_wconf 91' lang='lat' dir='ltr'><strong>urbem</strong></span> <span class='ocrx_word' id='word_1_150' title='bbox 1036 2440 1186 2519; x_wconf 86' lang='lat' dir='ltr'><strong>quandam</strong></span> <span class='ocrx_word' id='word_1_151' title='bbox 1200 2433 1398 2502; x_wconf 86' lang='lat' dir='ltr'><strong>Lombardiae</strong></span> 
     </span>
     <span class='ocr_line' id='line_1_22' title="bbox 266 2531 1398 2622; baseline -0.002 -18"><span class='ocrx_word' id='word_1_152' title='bbox 266 2531 502 2606; x_wconf 83' lang='lat' dir='ltr'><strong>&#39;commemorem</strong></span> <span class='ocrx_word' id='word_1_153' title='bbox 510 2575 549 2590; x_wconf 87' lang='lat'><strong>--</strong></span> <span class='ocrx_word' id='word_1_154' title='bbox 560 2563 588 2606; x_wconf 86' lang='lat' dir='ltr'><strong>a.</strong></span> <span class='ocrx_word' id='word_1_155' title='bbox 599 2548 689 2606; x_wconf 79' lang='lat'><strong>1014.</strong></span> <span class='ocrx_word' id='word_1_156' title='bbox 702 2544 849 2604; x_wconf 89' lang='lat' dir='ltr'><strong>arimanni</strong></span> <span class='ocrx_word' id='word_1_157' title='bbox 858 2544 1009 2606; x_wconf 83' lang='lat' dir='ltr'><strong>Mantuani</strong></span> <span class='ocrx_word' id='word_1_158' title='bbox 1021 2544 1148 2622; x_wconf 88' lang='lat' dir='ltr'><strong>primum</strong></span> <span class='ocrx_word' id='word_1_159' title='bbox 1161 2543 1199 2604; x_wconf 90' lang='lat' dir='ltr'><strong>ab</strong></span> <span class='ocrx_word' id='word_1_160' title='bbox 1209 2541 1348 2603; x_wconf 83' lang='lat' dir='ltr'><strong>Heinrico</strong></span> <span class='ocrx_word' id='word_1_161' title='bbox 1357 2541 1398 2604; x_wconf 89' lang='lat'><strong>11.</strong></span> 
     </span>
     <span class='ocr_line' id='line_1_23' title="bbox 274 2640 1397 2729; baseline -0.002 -21"><span class='ocrx_word' id='word_1_162' title='bbox 274 2648 408 2728; x_wconf 84' lang='lat' dir='ltr'><strong>diploma</strong></span> <span class='ocrx_word' id='word_1_163' title='bbox 422 2653 618 2729; x_wconf 87' lang='lat' dir='ltr'><strong>acceperuut,</strong></span> <span class='ocrx_word' id='word_1_164' title='bbox 634 2665 692 2725; x_wconf 91' lang='lat' dir='ltr'><strong>quo</strong></span> <span class='ocrx_word' id='word_1_165' title='bbox 708 2647 792 2708; x_wconf 90' lang='lat' dir='ltr'><strong>uaria</strong></span> <span class='ocrx_word' id='word_1_166' title='bbox 805 2664 909 2710; x_wconf 89' lang='lat' dir='ltr'><strong>eorum</strong></span> <span class='ocrx_word' id='word_1_167' title='bbox 925 2645 1084 2724; x_wconf 87' lang='lat' dir='ltr'><strong>priuilegia</strong></span> <span class='ocrx_word' id='word_1_168' title='bbox 1098 2645 1272 2708; x_wconf 85' lang='lat' dir='ltr'><strong>confirmata</strong></span> <span class='ocrx_word' id='word_1_169' title='bbox 1287 2640 1397 2723; x_wconf 80' lang='lat' dir='ltr'><strong>sunt⁶).</strong></span> 
     </span>
    </p>

    <p class='ocr_par' dir='ltr' id='par_1_5' title="bbox 272 2749 1398 3240">
     <span class='ocr_line' id='line_1_24' title="bbox 337 2749 1398 2832; baseline -0.002 -20"><span class='ocrx_word' id='word_1_170' title='bbox 337 2751 400 2812; x_wconf 89' lang='lat' dir='ltr'><strong>lam</strong></span> <span class='ocrx_word' id='word_1_171' title='bbox 416 2769 487 2814; x_wconf 89' lang='lat' dir='ltr'><strong>uero</strong></span> <span class='ocrx_word' id='word_1_172' title='bbox 503 2756 623 2832; x_wconf 87' lang='lat' dir='ltr'><strong>praeter</strong></span> <span class='ocrx_word' id='word_1_173' title='bbox 638 2750 829 2812; x_wconf 88' lang='lat' dir='ltr'><strong>ualuassores</strong></span> <span class='ocrx_word' id='word_1_174' title='bbox 845 2755 875 2810; x_wconf 90' lang='lat' dir='ltr'><strong>et</strong></span> <span class='ocrx_word' id='word_1_175' title='bbox 889 2749 1061 2812; x_wconf 87' lang='lat' dir='ltr'><strong>arimannos</strong></span> <span class='ocrx_word' id='word_1_176' title='bbox 1073 2749 1125 2810; x_wconf 87' lang='lat' dir='ltr'><strong>alii</strong></span> <span class='ocrx_word' id='word_1_177' title='bbox 1137 2765 1255 2826; x_wconf 88' lang='lat' dir='ltr'><strong>quoque</strong></span> <span class='ocrx_word' id='word_1_178' title='bbox 1266 2766 1398 2810; x_wconf 86' lang='lat' dir='ltr'><strong>commo·</strong></span> 
     </span>
     <span class='ocr_line' id='line_1_25' title="bbox 273 2845 1397 2931; baseline -0.003 -17"><span class='ocrx_word' id='word_1_179' title='bbox 273 2854 435 2916; x_wconf 76' lang='lat' dir='ltr'><strong>uebantur:</strong></span> <span class='ocrx_word' id='word_1_180' title='bbox 451 2853 586 2919; x_wconf 84' lang='lat' dir='ltr'><strong>aldiones</strong></span> <span class='ocrx_word' id='word_1_181' title='bbox 602 2852 668 2914; x_wconf 88' lang='lat' dir='ltr'><strong>dico</strong></span> <span class='ocrx_word' id='word_1_182' title='bbox 685 2858 715 2914; x_wconf 87' lang='lat' dir='ltr'><strong>et</strong></span> <span class='ocrx_word' id='word_1_183' title='bbox 731 2871 851 2928; x_wconf 91' lang='lat' dir='ltr'><strong>seruos,</strong></span> <span class='ocrx_word' id='word_1_184' title='bbox 866 2845 1014 2931; x_wconf 90' lang='lat' dir='ltr'><strong>imprimis</strong></span> <span class='ocrx_word' id='word_1_185' title='bbox 1031 2850 1233 2914; x_wconf 87' lang='lat' dir='ltr'><strong>ecclesiarum.</strong></span> <span class='ocrx_word' id='word_1_186' title='bbox 1265 2849 1397 2927; x_wconf 84' lang='lat' dir='ltr'><strong>Quorum</strong></span> 
     </span>
     <span class='ocr_line' id='line_1_26' title="bbox 272 2953 1396 3028; baseline -0.002 -12"><span class='ocrx_word' id='word_1_187' title='bbox 272 2974 321 3018; x_wconf 89' lang='lat' dir='ltr'><strong>res</strong></span> <span class='ocrx_word' id='word_1_188' title='bbox 337 2968 403 3018; x_wconf 85' lang='lat' dir='ltr'><strong>cum</strong></span> <span class='ocrx_word' id='word_1_189' title='bbox 419 2956 517 3018; x_wconf 90' lang='lat' dir='ltr'><strong>adhuc</strong></span> <span class='ocrx_word' id='word_1_190' title='bbox 533 2956 664 3016; x_wconf 89' lang='lat' dir='ltr'><strong>nondum</strong></span> <span class='ocrx_word' id='word_1_191' title='bbox 680 2956 754 3018; x_wconf 84' lang='lat' dir='ltr'><strong>satis</strong></span> <span class='ocrx_word' id='word_1_192' title='bbox 769 2955 935 3018; x_wconf 86' lang='lat' dir='ltr'><strong>illustratae</strong></span> <span class='ocrx_word' id='word_1_193' title='bbox 956 2955 1031 3028; x_wconf 89' lang='lat' dir='ltr'><strong>sint,</strong></span> <span class='ocrx_word' id='word_1_194' title='bbox 1051 2954 1253 3016; x_wconf 87' lang='lat' dir='ltr'><strong>necessarium</strong></span> <span class='ocrx_word' id='word_1_195' title='bbox 1269 2953 1396 3027; x_wconf 88' lang='lat' dir='ltr'><strong>uidetur,</strong></span> 
     </span>
     <span class='ocr_line' id='line_1_27' title="bbox 273 3057 1396 3137; baseline -0.003 -17"><span class='ocrx_word' id='word_1_196' title='bbox 273 3077 380 3122; x_wconf 85' lang='lat' dir='ltr'><strong>causas</strong></span> <span class='ocrx_word' id='word_1_197' title='bbox 403 3060 609 3137; x_wconf 88' lang='lat' dir='ltr'><strong>rationesque,</strong></span> <span class='ocrx_word' id='word_1_198' title='bbox 636 3059 744 3136; x_wconf 91' lang='lat' dir='ltr'><strong>quibus</strong></span> <span class='ocrx_word' id='word_1_199' title='bbox 769 3057 814 3120; x_wconf 92' lang='lat' dir='ltr'><strong>illi</strong></span> <span class='ocrx_word' id='word_1_200' title='bbox 840 3063 1014 3136; x_wconf 82' lang='lat' dir='ltr'><strong>ageremur,</strong></span> <span class='ocrx_word' id='word_1_201' title='bbox 1040 3057 1129 3136; x_wconf 90' lang='lat' dir='ltr'><strong>paulo</strong></span> <span class='ocrx_word' id='word_1_202' title='bbox 1155 3057 1323 3118; x_wconf 87' lang='lat' dir='ltr'><strong>accuratius</strong></span> <span class='ocrx_word' id='word_1_203' title='bbox 1346 3074 1396 3118; x_wconf 80' lang='lat' dir='ltr'><strong>ex·</strong></span> 
     </span>
     <span class='ocr_line' id='line_1_28' title="bbox 272 3162 405 3240; baseline 0 -18"><span class='ocrx_word' id='word_1_204' title='bbox 272 3162 405 3240; x_wconf 90' lang='lat' dir='ltr'><strong>planare.</strong></span> 
     </span>
    </p>

    <p class='ocr_par' dir='ltr' id='par_1_6' title="bbox 272 3262 1396 3446">
     <span class='ocr_line' id='line_1_29' title="bbox 335 3262 1396 3343; baseline -0.002 -17"><span class='ocrx_word' id='word_1_205' title='bbox 335 3264 498 3343; x_wconf 89' lang='lat' dir='ltr'><strong>Postquam</strong></span> <span class='ocrx_word' id='word_1_206' title='bbox 519 3264 589 3326; x_wconf 91' lang='lat' dir='ltr'><strong>inde</strong></span> <span class='ocrx_word' id='word_1_207' title='bbox 605 3284 623 3326; x_wconf 89' lang='lat' dir='ltr'><strong>a</strong></span> <span class='ocrx_word' id='word_1_208' title='bbox 638 3264 736 3326; x_wconf 86' lang='lat' dir='ltr'><strong>Caroli</strong></span> <span class='ocrx_word' id='word_1_209' title='bbox 756 3265 857 3342; x_wconf 81' lang='lat' dir='ltr'><strong>magui</strong></span> <span class='ocrx_word' id='word_1_210' title='bbox 876 3269 975 3326; x_wconf 85' lang='lat' dir='ltr'><strong>aetate</strong></span> <span class='ocrx_word' id='word_1_211' title='bbox 994 3263 1134 3342; x_wconf 89' lang='lat' dir='ltr'><strong>permulti</strong></span> <span class='ocrx_word' id='word_1_212' title='bbox 1153 3263 1289 3325; x_wconf 86' lang='lat' dir='ltr'><strong>homiues</strong></span> <span class='ocrx_word' id='word_1_213' title='bbox 1309 3262 1396 3324; x_wconf 87' lang='lat' dir='ltr'><strong>liberi</strong></span> 
     </span>
     <span class='ocr_line' id='line_1_30' title="bbox 272 3365 1395 3446; baseline -0.002 -18"><span class='ocrx_word' id='word_1_214' title='bbox 272 3367 417 3446; x_wconf 91' lang='lat' dir='ltr'><strong>publicis,</strong></span> <span class='ocrx_word' id='word_1_215' title='bbox 439 3385 515 3445; x_wconf 90' lang='lat' dir='ltr'><strong>quae</strong></span> <span class='ocrx_word' id='word_1_216' title='bbox 531 3367 588 3428; x_wconf 89' lang='lat' dir='ltr'><strong>sibi</strong></span> <span class='ocrx_word' id='word_1_217' title='bbox 604 3367 752 3428; x_wconf 88' lang='lat' dir='ltr'><strong>iniunctae</strong></span> <span class='ocrx_word' id='word_1_218' title='bbox 768 3373 885 3442; x_wconf 91' lang='lat' dir='ltr'><strong>essent,</strong></span> <span class='ocrx_word' id='word_1_219' title='bbox 906 3366 1122 3440; x_wconf 81' lang='lat' dir='ltr'><strong>functionibus,</strong></span> <span class='ocrx_word' id='word_1_220' title='bbox 1144 3365 1247 3441; x_wconf 91' lang='lat' dir='ltr'><strong>bellis,</strong></span> <span class='ocrx_word' id='word_1_221' title='bbox 1265 3365 1395 3444; x_wconf 87' lang='lat' dir='ltr'><strong>placitis,</strong></span> 
     </span>
    </p>
   </div>
   <div class='ocr_carea' id='block_1_5' title="bbox 267 3535 1393 4458">
    <p class='ocr_par' dir='ltr' id='par_1_7' title="bbox 323 3535 636 3598">
     <span class='ocr_line' id='line_1_31' title="bbox 323 3535 636 3598; baseline -0.003 -11"><span class='ocrx_word' id='word_1_222' title='bbox 323 3535 343 3598; x_wconf 87' lang='grc'><strong>1)</strong></span> <span class='ocrx_word' id='word_1_223' title='bbox 362 3539 408 3587; x_wconf 81' lang='lat' dir='ltr'><strong>Gir.</strong></span> <span class='ocrx_word' id='word_1_224' title='bbox 421 3539 496 3586; x_wconf 81' lang='lat' dir='ltr'><strong>Edict.</strong></span> <span class='ocrx_word' id='word_1_225' title='bbox 508 3538 600 3585; x_wconf 79' lang='lat' dir='ltr'><strong>Aistulfl</strong></span> <span class='ocrx_word' id='word_1_226' title='bbox 613 3542 636 3586; x_wconf 86' lang='lat' dir='ltr'><strong>a.</strong></span> 
     </span>
    </p>

    <p class='ocr_par' dir='ltr' id='par_1_8' title="bbox 269 3620 1393 3773">
     <span class='ocr_line' id='line_1_32' title="bbox 321 3620 1393 3686; baseline -0.002 -12"><span class='ocrx_word' id='word_1_227' title='bbox 321 3620 343 3683; x_wconf 66' lang='grc'><strong>2)</strong></span> <span class='ocrx_word' id='word_1_228' title='bbox 360 3625 487 3674; x_wconf 83' lang='lat' dir='ltr'><strong>Daharum</strong></span> <span class='ocrx_word' id='word_1_229' title='bbox 499 3639 581 3672; x_wconf 87' lang='lat' dir='ltr'><strong>uocum</strong></span> <span class='ocrx_word' id='word_1_230' title='bbox 593 3625 758 3684; x_wconf 76' lang='lat' dir='ltr'><strong>significatione</strong></span> <span class='ocrx_word' id='word_1_231' title='bbox 775 3623 816 3672; x_wconf 86' lang='lat' dir='ltr'><strong>cIr.</strong></span> <span class='ocrx_word' id='word_1_232' title='bbox 828 3625 962 3686; x_wconf 83' lang='lat' dir='ltr'><strong>pracsertim</strong></span> <span class='ocrx_word' id='word_1_233' title='bbox 975 3623 1217 3684; x_wconf 76' lang='lat' dir='ltr'><strong>bethmann-Hollweg</strong></span> <span class='ocrx_word' id='word_1_234' title='bbox 1233 3637 1256 3685; x_wconf 89' lang='lat' dir='ltr'><strong>p.</strong></span> <span class='ocrx_word' id='word_1_235' title='bbox 1269 3625 1316 3673; x_wconf 77' lang='lat'><strong>132</strong></span> <span class='ocrx_word' id='word_1_236' title='bbox 1328 3637 1393 3686; x_wconf 62' lang='grc' dir='ltr'><strong>ηιμ</strong></span> 
     </span>
     <span class='ocr_line' id='line_1_33' title="bbox 269 3711 997 3773; baseline -0.014 -13"><span class='ocrx_word' id='word_1_237' title='bbox 269 3711 342 3773; x_wconf 70' lang='grc' dir='ltr'><strong>ΗοῃΙ</strong></span> <span class='ocrx_word' id='word_1_238' title='bbox 353 3711 382 3758; x_wconf 92' lang='lat' dir='ltr'><strong>ll.</strong></span> <span class='ocrx_word' id='word_1_239' title='bbox 395 3712 453 3758; x_wconf 78' lang='lat'><strong>143.</strong></span> <span class='ocrx_word' id='word_1_240' title='bbox 994 3715 997 3722; x_wconf 92' lang='lat'>·</span> 
     </span>
    </p>

    <p class='ocr_par' dir='ltr' id='par_1_9' title="bbox 270 3791 1393 3946">
     <span class='ocr_line' id='line_1_34' title="bbox 322 3791 1393 3858; baseline -0.003 -13"><span class='ocrx_word' id='word_1_241' title='bbox 322 3791 343 3856; x_wconf 85' lang='lat'><strong>³)</strong></span> <span class='ocrx_word' id='word_1_242' title='bbox 361 3797 500 3845; x_wconf 55' lang='lat' dir='ltr'><strong>monetarios</strong></span> <span class='ocrx_word' id='word_1_243' title='bbox 512 3800 589 3844; x_wconf 79' lang='lat' dir='ltr'><strong>tamen</strong></span> <span class='ocrx_word' id='word_1_244' title='bbox 601 3809 647 3843; x_wconf 89' lang='lat' dir='ltr'><strong>non</strong></span> <span class='ocrx_word' id='word_1_245' title='bbox 656 3809 772 3858; x_wconf 81' lang='lat' dir='ltr'><strong>nunquam</strong></span> <span class='ocrx_word' id='word_1_246' title='bbox 784 3798 844 3844; x_wconf 84' lang='lat' dir='ltr'><strong>inter</strong></span> <span class='ocrx_word' id='word_1_247' title='bbox 855 3797 969 3844; x_wconf 76' lang='lat' dir='ltr'><strong>nmsallos</strong></span> <span class='ocrx_word' id='word_1_248' title='bbox 977 3797 1130 3844; x_wconf 77' lang='lat' dir='ltr'><strong>recensendos</strong></span> <span class='ocrx_word' id='word_1_249' title='bbox 1140 3811 1202 3853; x_wconf 82' lang='lat' dir='ltr'><strong>csse,</strong></span> <span class='ocrx_word' id='word_1_250' title='bbox 1216 3796 1317 3857; x_wconf 80' lang='lat' dir='ltr'><strong>diploma</strong></span> <span class='ocrx_word' id='word_1_251' title='bbox 1326 3796 1393 3843; x_wconf 75' lang='lat' dir='ltr'><strong>(locet</strong></span> 
     </span>
     <span class='ocr_line' id='line_1_35' title="bbox 270 3881 1228 3946; baseline -0.004 -14"><span class='ocrx_word' id='word_1_252' title='bbox 270 3900 306 3946; x_wconf 80' lang='lat' dir='ltr'><strong>ap.</strong></span> <span class='ocrx_word' id='word_1_253' title='bbox 320 3883 447 3943; x_wconf 70' lang='lat' dir='ltr'><strong>liumngclli</strong></span> <span class='ocrx_word' id='word_1_254' title='bbox 457 3898 481 3943; x_wconf 92' lang='lat' dir='ltr'><strong>p.</strong></span> <span class='ocrx_word' id='word_1_255' title='bbox 495 3883 557 3940; x_wconf 77' lang='lat'><strong>272,</strong></span> <span class='ocrx_word' id='word_1_256' title='bbox 569 3882 606 3930; x_wconf 88' lang='lat' dir='ltr'><strong>cui</strong></span> <span class='ocrx_word' id='word_1_257' title='bbox 618 3882 663 3928; x_wconf 88' lang='lat' dir='ltr'><strong>duo</strong></span> <span class='ocrx_word' id='word_1_258' title='bbox 679 3881 787 3938; x_wconf 75' lang='lat' dir='ltr'><strong>,bassalli</strong></span> <span class='ocrx_word' id='word_1_259' title='bbox 800 3882 915 3930; x_wconf 86' lang='lat' dir='ltr'><strong>&#39;l&#39;bcodori</strong></span> <span class='ocrx_word' id='word_1_260' title='bbox 927 3881 1060 3930; x_wconf 81' lang='lat' dir='ltr'><strong>monetarii“</strong></span> <span class='ocrx_word' id='word_1_261' title='bbox 1075 3883 1228 3930; x_wconf 76' lang='lat' dir='ltr'><strong>subscribunt.</strong></span> 
     </span>
    </p>

    <p class='ocr_par' dir='ltr' id='par_1_10' title="bbox 267 3963 1393 4372">
     <span class='ocr_line' id='line_1_36' title="bbox 320 3963 1393 4029; baseline -0.005 -12"><span class='ocrx_word' id='word_1_262' title='bbox 320 3963 342 4028; x_wconf 81' lang='lat'><strong>⁴)</strong></span> <span class='ocrx_word' id='word_1_263' title='bbox 361 3969 408 4017; x_wconf 78' lang='lat' dir='ltr'><strong>Gir.</strong></span> <span class='ocrx_word' id='word_1_264' title='bbox 426 3968 541 4016; x_wconf 78' lang='lat' dir='ltr'><strong>Allocutio</strong></span> <span class='ocrx_word' id='word_1_265' title='bbox 557 3968 659 4028; x_wconf 80' lang='lat' dir='ltr'><strong>episcopi</strong></span> <span class='ocrx_word' id='word_1_266' title='bbox 675 3981 711 4028; x_wconf 82' lang='lat' dir='ltr'><strong>ap.</strong></span> <span class='ocrx_word' id='word_1_267' title='bbox 724 3967 829 4016; x_wconf 80' lang='lat' dir='ltr'><strong>Prorsna</strong></span> <span class='ocrx_word' id='word_1_268' title='bbox 844 3969 860 4015; x_wconf 89' lang='grc'><strong>1.</strong></span> <span class='ocrx_word' id='word_1_269' title='bbox 873 3969 889 4015; x_wconf 94' lang='lat' dir='ltr'><strong>l.</strong></span> <span class='ocrx_word' id='word_1_270' title='bbox 906 3983 929 4029; x_wconf 94' lang='lat' dir='ltr'><strong>p.</strong></span> <span class='ocrx_word' id='word_1_271' title='bbox 942 3969 1005 4016; x_wconf 73' lang='lat' dir='ltr'><strong>aab:</strong></span> <span class='ocrx_word' id='word_1_272' title='bbox 1022 3968 1179 4016; x_wconf 71' lang='lat' dir='ltr'><strong>maledictum</strong></span> <span class='ocrx_word' id='word_1_273' title='bbox 1196 3981 1274 4014; x_wconf 85' lang='lat' dir='ltr'><strong>omnes</strong></span> <span class='ocrx_word' id='word_1_274' title='bbox 1290 3968 1352 4014; x_wconf 83' lang='lat' dir='ltr'><strong>ciues</strong></span> <span class='ocrx_word' id='word_1_275' title='bbox 1368 3967 1393 4012; x_wconf 91' lang='lat' dir='ltr'><strong>in</strong></span> 
     </span>
     <span class='ocr_line' id='line_1_37' title="bbox 269 4052 1393 4117; baseline -0.005 -13"><span class='ocrx_word' id='word_1_276' title='bbox 269 4055 379 4117; x_wconf 74' lang='lat' dir='ltr'><strong>Eporcria</strong></span> <span class='ocrx_word' id='word_1_277' title='bbox 390 4055 483 4103; x_wconf 79' lang='lat' dir='ltr'><strong>ciuitate</strong></span> <span class='ocrx_word' id='word_1_278' title='bbox 494 4053 635 4110; x_wconf 75' lang='lat' dir='ltr'><strong>habitantes,</strong></span> <span class='ocrx_word' id='word_1_279' title='bbox 654 4053 791 4115; x_wconf 86' lang='lat' dir='ltr'><strong>quicmnque</strong></span> <span class='ocrx_word' id='word_1_280' title='bbox 807 4054 908 4101; x_wconf 77' lang='lat' dir='ltr'><strong>Ardoirm</strong></span> <span class='ocrx_word' id='word_1_281' title='bbox 925 4057 948 4101; x_wconf 84' lang='lat' dir='ltr'><strong>et</strong></span> <span class='ocrx_word' id='word_1_282' title='bbox 963 4053 1064 4102; x_wconf 65' lang='lat' dir='ltr'><strong>amedeo</strong></span> <span class='ocrx_word' id='word_1_283' title='bbox 1079 4053 1214 4101; x_wconf 84' lang='lat' dir='ltr'><strong>conscilium</strong></span> <span class='ocrx_word' id='word_1_284' title='bbox 1230 4052 1335 4100; x_wconf 79' lang='lat' dir='ltr'><strong>dedetiut</strong></span> <span class='ocrx_word' id='word_1_285' title='bbox 1353 4055 1393 4099; x_wconf 79' lang='lat' dir='ltr'><strong>aut</strong></span> 
     </span>
     <span class='ocr_line' id='line_1_38' title="bbox 267 4141 1303 4190; baseline -0.011 -1"><span class='ocrx_word' id='word_1_286' title='bbox 267 4141 413 4190; x_wconf 74' lang='lat' dir='ltr'><strong>adiutorium.</strong></span> <span class='ocrx_word' id='word_1_287' title='bbox 1058 4173 1060 4180; x_wconf 85' lang='lat'><strong>.</strong></span> <span class='ocrx_word' id='word_1_288' title='bbox 1299 4169 1303 4178; x_wconf 81' lang='lat'><strong>.</strong></span> 
     </span>
     <span class='ocr_line' id='line_1_39' title="bbox 321 4221 1391 4287; baseline -0.004 -13"><span class='ocrx_word' id='word_1_289' title='bbox 321 4221 342 4285; x_wconf 73' lang='lat'><strong>⁵)</strong></span> <span class='ocrx_word' id='word_1_290' title='bbox 361 4225 407 4274; x_wconf 82' lang='lat' dir='ltr'><strong>Gir.</strong></span> <span class='ocrx_word' id='word_1_291' title='bbox 420 4223 579 4286; x_wconf 71' lang='lat' dir='ltr'><strong>(praebebis,</strong></span> <span class='ocrx_word' id='word_1_292' title='bbox 595 4224 698 4272; x_wconf 74' lang='lat' dir='ltr'><strong>lonfibns</strong></span> <span class='ocrx_word' id='word_1_293' title='bbox 710 4225 838 4272; x_wconf 75' lang='lat' dir='ltr'><strong>mauratica</strong></span> <span class='ocrx_word' id='word_1_294' title='bbox 851 4226 998 4283; x_wconf 80' lang='lat' dir='ltr'><strong>examinatis,</strong></span> <span class='ocrx_word' id='word_1_295' title='bbox 1013 4226 1130 4287; x_wconf 71' lang='lat' dir='ltr'><strong>disputem</strong></span> <span class='ocrx_word' id='word_1_296' title='bbox 1141 4227 1178 4272; x_wconf 85' lang='lat' dir='ltr'><strong>in:</strong></span> <span class='ocrx_word' id='word_1_297' title='bbox 1195 4223 1338 4272; x_wconf 77' lang='lat' dir='ltr'><strong>Jahrbbcber</strong></span> <span class='ocrx_word' id='word_1_298' title='bbox 1350 4221 1391 4272; x_wconf 75' lang='lat' dir='ltr'><strong>cler</strong></span> 
     </span>
     <span class='ocr_line' id='line_1_40' title="bbox 268 4309 1033 4372; baseline 0 -14"><span class='ocrx_word' id='word_1_299' title='bbox 268 4311 402 4360; x_wconf 81' lang='lat' dir='ltr'><strong>Denlscben</strong></span> <span class='ocrx_word' id='word_1_300' title='bbox 414 4310 498 4357; x_wconf 81' lang='lat' dir='ltr'><strong>Reicbs</strong></span> <span class='ocrx_word' id='word_1_301' title='bbox 510 4314 577 4358; x_wconf 86' lang='lat' dir='ltr'><strong>unter</strong></span> <span class='ocrx_word' id='word_1_302' title='bbox 588 4309 698 4358; x_wconf 80' lang='lat' dir='ltr'><strong>Heinrich</strong></span> <span class='ocrx_word' id='word_1_303' title='bbox 710 4311 738 4358; x_wconf 92' lang='lat' dir='ltr'><strong>ll.</strong></span> <span class='ocrx_word' id='word_1_304' title='bbox 756 4314 812 4358; x_wconf 88' lang='lat' dir='ltr'><strong>tom.</strong></span> <span class='ocrx_word' id='word_1_305' title='bbox 825 4311 854 4358; x_wconf 89' lang='lat' dir='ltr'><strong>ll.</strong></span> <span class='ocrx_word' id='word_1_306' title='bbox 872 4325 896 4372; x_wconf 92' lang='lat' dir='ltr'><strong>p.</strong></span> <span class='ocrx_word' id='word_1_307' title='bbox 909 4313 957 4360; x_wconf 83' lang='grc'><strong>378</strong></span> <span class='ocrx_word' id='word_1_308' title='bbox 976 4327 999 4358; x_wconf 92' lang='grc' dir='ltr'><strong>ιι.</strong></span> <span class='ocrx_word' id='word_1_309' title='bbox 1011 4315 1033 4359; x_wconf 94' lang='grc'><strong>1.</strong></span> 
     </span>
    </p>

    <p class='ocr_par' dir='ltr' id='par_1_11' title="bbox 319 4391 936 4458">
     <span class='ocr_line' id='line_1_41' title="bbox 319 4391 936 4458; baseline -0.002 -13"><span class='ocrx_word' id='word_1_310' title='bbox 319 4391 340 4453; x_wconf 78' lang='lat'><strong>⁶)</strong></span> <span class='ocrx_word' id='word_1_311' title='bbox 359 4398 479 4453; x_wconf 68' lang='lat' dir='ltr'><strong>auratos,</strong></span> <span class='ocrx_word' id='word_1_312' title='bbox 492 4397 647 4458; x_wconf 78' lang='lat' dir='ltr'><strong>antiquitates</strong></span> <span class='ocrx_word' id='word_1_313' title='bbox 659 4397 697 4444; x_wconf 84' lang='lat' dir='ltr'><strong>lv.</strong></span> <span class='ocrx_word' id='word_1_314' title='bbox 713 4401 756 4452; x_wconf 83' lang='lat' dir='ltr'><strong>ra.</strong></span> <span class='ocrx_word' id='word_1_315' title='bbox 769 4396 848 4446; x_wconf 79' lang='lat' dir='ltr'><strong>sunm.</strong></span> <span class='ocrx_word' id='word_1_316' title='bbox 863 4399 936 4445; x_wconf 78' lang='lat' dir='ltr'><strong>tros.</strong></span> 
     </span>
    </p>
   </div>
   <div class='ocr_carea' id='block_1_6' title="bbox 0 0 1560 5022">
    <p class='ocr_par' dir='ltr' id='par_1_12' title="bbox 0 0 1560 5022">
     <span class='ocr_line' id='line_1_42' title="bbox 0 0 1560 5022; baseline 0 1"><span class='ocrx_word' id='word_1_317' title='bbox 0 0 1560 5022; x_wconf 95' lang='lat' dir='ltr'><strong> </strong></span> 
     </span>
    </p>
   </div>
  </div>
 </body>
</html>
