3110 5022
207 979 282 1082 Qui
305 1013 418 1092 primns
440 1019 510 1091 post
529 1009 660 1088 Sigonii,
686 1005 875 1080 Puricellii¹)‚
900 1007 1063 1078 bluratorii,
1086 1007 1166 1068 Saxii
1187 1026 1274 1068 curas
1296 1009 1333 1069 de

207 1116 347 1196 Ariberto
361 1109 425 1187 ΠΡ)
451 1112 664 1174 Mediolanensi
690 1111 812 1190 scripsit
833 1129 932 1170 comes
955 1101 1098 1185 lulinusll
1121 1128 1186 1168 cum
1208 1109 1334 1170 scientia

208 1218 420 1296 diligentiaque
437 1223 500 1278 tum
516 1217 577 1276 acri
592 1215 754 1292 subtilique
770 1213 891 1290 ingenio
907 1212 982 1273 satis
998 1211 1053 1271 luit
1069 1211 1205 1288 insignis.
1235 1213 1333 1290 Atque

208 1321 384 1400 praesertim
400 1320 519 1397 quidem
536 1318 635 1380 omnia
651 1337 701 1392 ea,
719 1336 794 1396 qnae
810 1316 847 1375 ad
865 1315 1013 1394 priuatam
1030 1315 1077 1374 uel
1094 1313 1331 1375 ecclesiasticam

207 1423 426 1502 archiepiscopi
448 1423 529 1482 illins
550 1421 641 1482 uitam
665 1425 803 1498 spectare
828 1419 1001 1488 uideantur,
1026 1417 1139 1498 optime
1163 1418 1282 1494 cognita
1305 1422 1335 1477 et

99 1582 102 1590 .
207 1525 362 1604 explorata
372 1525 487 1596 habuit,
504 1525 546 1584 ita
560 1531 594 1584 ut
608 1525 637 1583 in
650 1523 697 1582 bis
713 1521 802 1582 bodie
819 1539 936 1598 quoque
952 1519 1002 1578 uix
1018 1520 1175 1597 quicquam
1192 1519 1270 1580 adici
1285 1519 1333 1579 uel

208 1628 317 1704 corrigi
342 1644 466 1707 neccsse
491 1626 540 1687 sit.
579 1625 645 1685 Non
672 1642 796 1702 prorsus
820 1623 884 1702 par-i
907 1629 1014 1683 euentu
1037 1640 1086 1682 res
1111 1622 1246 1700 publicas
1270 1621 1334 1682 eius

204 1730 361 1799 tractauit3
379 1727 430 1789 sed
444 1728 517 1788 utin
530 1727 593 1800 tali,
610 1727 727 1805 qualem
740 1725 917 1806 composuit,
936 1723 1023 1785 unius
1036 1725 1119 1786 urbis
1132 1723 1335 1804 descriptione

210 1830 274 1891 lieri
296 1831 389 1900 solet,
415 1829 570 1892 historiam
587 1829 756 1906 generalem
772 1846 829 1888 non
848 1845 998 1905 nunqnam
1021 1827 1173 1906 paululum
1194 1827 1335 1904 neglexit,

209 1951 305 2010 neque
321 1951 430 2009 magna
445 1951 463 1992 a
479 1932 582 2011 paruis
605 1933 679 1992 satis
702 1936 840 1990 accurate
863 1929 1012 1990 discrenit
1043 1929 1180 2002 Accedit,
1204 1929 1283 2006 quod
1305 1929 1334 1988 in

208 2036 374 2096 exercenda
388 2042 452 2096 arte
468 2035 571 2096 critica
586 2052 645 2095 non
662 2051 783 2112 semper
797 2039 859 2092 tam
875 2049 980 2092 seuere
997 2049 1085 2110 qnam
1102 2031 1251 2108 sagaciter
1266 2049 1334 2093 uer·

208 2144 291 2198 satus
313 2145 373 2198 est:
398 2139 525 2217 saepius
541 2137 658 2198 tabulas
680 2135 800 2215 quidem
821 2129 1026 2212 suspicatus),
1049 2154 1116 2194 raro
1135 2152 1186 2194 eas
1203 2152 1218 2194 e
1235 2152 1333 2194 rerum

209 2245 359 2316 gestarum
376 2239 453 2300 serie
470 2238 565 2299 eiecit.

273 2341 306 2400 In
329 2359 430 2402 eorum
452 2357 589 2410 numero,
614 2357 689 2418 quae
711 2339 809 2400 minus
830 2340 906 2399 bene
925 2338 1078 2412 tractauit,
1100 2337 1246 2417 imprimis
1267 2345 1338 2398 sunt

213 2443 422 2505 memorabiles
437 2442 507 2503 illae
523 2441 698 2514 seditiones,
714 2459 837 2519 quarum
854 2440 949 2501 alters
964 2441 1156 2501 ualuassores
1171 2440 1208 2500 ad
1226 2447 1336 2501 certam

210 2546 247 2606 de
263 2545 360 2608 tendis
376 2545 475 2622 legem
490 2549 706 2623 peruenerunt,
727 2543 823 2604 altera
839 2543 940 2622 plebs,
962 2547 994 2604 ut
1015 2541 1057 2602 ita
1072 2543 1183 2615 dicam,
1206 2543 1335 2627 primum

213 2648 338 2710 militnm
354 2647 562 2720 auctoritatem
583 2648 742 2708 concutere
758 2647 867 2726 coepit.
903 2643 986 2721 Quae
1007 2645 1116 2723 quibus
1138 2643 1272 2706 scansis
1288 2663 1337 2705 ex·

211 2756 293 2810 ortae
309 2749 471 2828 quantique
486 2748 596 2809 inerint
616 2749 758 2810 momenti
773 2748 811 2808 ad
829 2747 1015 2809 condendam
1032 2747 1203 2808 Italicarum
1218 2747 1336 2808 urbium

212 2851 390 2924 libertatem,
407 2857 509 2914 nostro
522 2852 640 2912 demum
652 2850 753 2912 seculo
769 2850 904 2924 alcone,
920 2871 939 2912 a
958 2851 1052 2912 libero
1068 2851 1179 2910 barone
1197 2850 1233 2910 de
1248 2849 1337 2910 Beth-

213 2952 465 3030 mann·Hollweg,
482 2953 519 3012 ab
532 2952 658 3030 Hegelio
675 2954 868 3032 disquisitum
884 2960 940 3014 est.
966 2951 1125 3014 Praeterea
1139 2951 1268 3023 Stenael,
1285 2969 1338 3012 no-

215 3055 339 3116 uissime
363 3055 485 3115 Gfrerer
500 3061 530 3114 et
545 3053 743 3116 Giesebrecht
763 3056 852 3116 etiem
874 3056 910 3116 de
931 3055 1036 3114 hurum
1052 3073 1149 3116 rerum
1171 3053 1339 3130 cognitione

215 3157 328 3234 optime
344 3157 440 3216 meriti
458 3152 561 3234 sonti)

265 3338 285 3402 ¹)
305 3343 332 3390 ln
353 3345 423 3392 libro:
448 3345 611 3392 Ambrosianus
629 3343 754 3392 Mediolani
770 3344 878 3392 besilicae
901 3359 927 3392 ec
945 3345 1077 3392 monasterii
1095 3345 1164 3392 hodie
1182 3345 1340 3392 cistertiensis

151 3471 153 3474 .
213 3430 367 3477 Monumenta.
392 3430 499 3477 Editione
511 3444 567 3478 usus
579 3445 641 3487 sum,
654 3443 713 3490 quse
724 3429 811 3490 prodiit
823 3429 946 3477 Mediolani
960 3431 1033 3478 1645.
1046 3431 1070 3477 in
1083 3423 1119 3476 4⁰.

264 3508 287 3572 2)
306 3515 341 3562 lte
352 3516 425 3570 enlm,
442 3529 489 3562 nou
504 3503 665 3572 „floribertus'
681 3529 731 3562 enm
747 3516 822 3576 ipsum
834 3529 917 3562 nomen
934 3530 998 3562 suum
1016 3516 1150 3576 scripsisse,
1165 3529 1180 3561 e
1197 3515 1340 3562 documentis

215 3599 362 3659 originalibus
375 3601 443 3648 docet
454 3601 563 3648 Puricelli
574 3615 597 3661 p.
610 3601 668 3648 846.
682 3602 739 3648 865.

265 3677 286 3744 ³)
305 3686 343 3732 lu:
356 3686 465 3733 ldemorie
477 3686 539 3734 delle
556 3686 613 3733 citti.
629 3685 715 3733 edells
726 3700 851 3746 campagus
862 3687 885 3732 dl
897 3687 983 3733 llileno
1001 3679 1037 3734 ue’
1054 3687 1125 3734 meoli
1140 3685 1214 3742 bessi,
1231 3689 1287 3734 tom.
1300 3685 1340 3734 lll.

215 3771 346 3822 Editiouem
358 3771 452 3818 adhibui
463 3785 484 3820 s.
499 3772 572 3818 tneo.
584 3771 608 3818 in
621 3765 657 3818 4⁰.

266 3849 288 3914 ⁴)
306 3857 412 3904 Lsudulli
423 3857 535 3918 imprimis
546 3858 653 3912 senioris,
670 3857 698 3902 de
710 3869 756 3916 quo
768 3857 912 3903 senissimum
929 3855 974 3902 lert
989 3857 1110 3915 iudicium,
1125 3857 1188 3918 quod
1203 3859 1280 3904 umen
1291 3857 1341 3918 ipse

216 3955 262 3988 nou
274 3955 390 4002 nunquam
402 3955 449 3989 nou
461 3943 571 4002 seqnitur.

268 4020 290 4083 ⁵)
312 4025 391 4086 Neque
407 4040 465 4086 ques
481 4041 555 4087 nuper
569 4027 597 4074 de
611 4025 749 4074 lleulleuille
764 4027 789 4074 iu
803 4025 868 4074 libri:
885 4026 985 4075 Histoire
1003 4028 1043 4074 des
1061 4039 1192 4074 eommunes
1213 4025 1342 4074 lomberdes

216 4118 271 4158 ton.
283 4111 301 4158 l.
314 4111 448 4159 ses-sel
461 4112 601 4160 detriberto
613 4112 748 4174 disputsult,
763 4113 892 4173 spernenda
904 4116 965 4169 sunl,
981 4127 1117 4174 quamquem
1128 4113 1219 4173 saepius
1230 4113 1342 4160 nonsatis

217 4198 290 4252 osuit,
308 4209 337 4244 ue
354 4197 378 4244 in
389 4197 496 4245 Lsudnlfl
512 4197 602 4246 tabulas
617 4197 736 4244 incideret
753 4219 785 4230 -
803 4197 889 4246 (luntre
904 4211 963 4258 quse
980 4199 1009 4245 de
1025 4197 1062 4245 his
1073 4197 1141 4244 rebus
1157 4198 1259 4244 sensuit
1275 4198 1342 4245 (torio

218 4278 305 4338 (Storie
321 4281 346 4328 di
362 4281 461 4338 billunc,
482 4283 589 4330 rlueduts
608 4296 621 4330 e
638 4283 747 4330 moeses
765 4281 811 4330 del.
829 4283 891 4330 Prot.
908 4283 990 4343 Egidio
1010 4284 1039 4332 ds
1055 4283 1127 4344 llegri
1143 4285 1198 4329 tous.
1212 4283 1230 4328 l.
1246 4285 1341 4345 p.11o.

221 4364 364 4426 lto-125)
375 4366 515 4418 foedissimis
527 4368 616 4414 mendis
628 4369 725 4417 rueme
1325 4366 1327 4371 ’
