3110 5022
815 226 856 292 38

227 419 229 422 ’
270 434 407 496 dominns
422 454 477 514 per
491 437 678 516 campionem
694 437 779 498 litem
791 437 953 498 dirimeret.
977 437 1066 498 st—
1080 438 1262 516 quodetiam
1275 438 1397 515 grauius

268 570 312 582 -
323 537 485 600 adiecerat:
503 539 588 615 ,Non
601 539 703 601 licebit
715 558 803 602 seruo
815 540 980 614 aecclesiae
993 541 1137 602 seruitute
1148 558 1288 618 umquam
1300 541 1396 615 enire;

270 637 358 721 quein
372 659 469 719 neque
483 642 542 722 ipsi
558 642 765 720 praesidentes
780 643 937 704 aecclesiis
953 648 1094 720 poterunt
1108 643 1258 706 libertare.
1286 643 1396 706 Sernes

269 744 360 822 igitur
374 743 567 808 ecclesiarum
587 745 698 805 liberos
719 745 783 806 fieri
805 745 977 806 omnimodo
998 745 1218 818 interdicimus,
1239 751 1270 806 et
1284 746 1397 808 liberos

269 847 404 926 quolibet
422 847 543 924 ingenio
564 846 659 908 iactos
680 847 719 908 ad
736 847 783 908 ius
799 852 829 908 et
844 847 1016 908 seruitutem
1032 847 1246 910 aecclesiarum
1262 849 1397 910 reuocari

269 948 480 1028 precipimus“.
504 948 658 1027 Quamque
670 949 804 1011 districte
821 949 947 1026 singulis
959 949 990 1010 in
1003 950 1103 1012 causis
1114 950 1190 1011 haec
1201 952 1394 1026 exercuerint,

269 1051 388 1114 Ottonis
396 1051 451 1116 111.
462 1053 652 1132 priuilegium
659 1051 751 1113 Leoni
759 1051 941 1112 Vercellensi
951 1049 1079 1127 datum¹)
1088 1053 1228 1114 ostendit.
1243 1053 1300 1114 Vbi
1308 1054 1396 1118 baec:

271 1153 455 1230 „statuimus
472 1173 604 1234 quoque,
625 1160 658 1216 ut
675 1173 778 1216 omnes
794 1155 848 1216 filii
863 1155 911 1216 uel
926 1155 987 1216 filie
1002 1156 1176 1218 clericorum
1192 1161 1222 1216 et
1236 1156 1350 1218 familia
1364 1155 1394 1218 S.

270 1257 393 1318 Eusebii
408 1257 439 1318 in
455 1257 626 1320 seruatione
642 1258 785 1320 ecclesiae
800 1263 984 1331 remaneant,
1000 1276 1096 1336 neque
1112 1259 1214 1330 liberis
1229 1259 1333 1320 matris
1350 1254 1396 1339 (ti-

269 1359 490 1436 ostentatura),
513 1360 540 1421 si
561 1359 669 1422 clerico
691 1378 745 1422 suo
766 1361 899 1433 adhesit,
921 1361 979 1422 biis
1000 1361 1049 1439 qui
1072 1361 1135 1422 nati
1155 1361 1265 1422 inerint
1279 1361 1397 1440 prosint

269 1459 408 1542 (prositl)
424 1463 576 1538 uolumus;
592 1482 735 1541 rogamus
756 1465 845 1526 etiam
862 1481 1053 1524 successores
1070 1470 1199 1538 nostros,
1216 1465 1271 1524 sub
1288 1463 1343 1524 Dei
1358 1463 1395 1524 ti·

269 1583 352 1628 more
375 1570 591 1638 contestamur,
622 1572 658 1628 ut¹
675 1567 776 1628 omnia
799 1567 916 1629 cambia
937 1567 1043 1626 illicita
1066 1571 1096 1626 et
1118 1583 1224 1628 seruos
1251 1565 1396 1628 ecclesiae

270 1669 375 1730 illicite
397 1669 540 1731 liberatos
555 1669 593 1730 ad
609 1669 770 1749 pristinum
785 1686 887 1730 ussum
903 1669 1006 1730 uenire
1022 1675 1132 1745 cogant
1146 1675 1176 1728 et
1190 1669 1228 1728 ed
1244 1669 1396 1746 antiquam

271 1771 444 1832 seruitutem
472 1771 574 1832 uenire
605 1772 800 1850 compellant,
831 1772 958 1831 mraxime
984 1769 1109 1848 Ingouis
1135 1772 1271 1850 episcopi
1297 1772 1397 1832 omnia

268 1874 386 1935 cambia
404 1873 545 1951 frangant
560 1871 637 1936 eto“.
669 1871 751 1949 Quae
767 1873 916 1951 quomodo
932 1873 1040 1935 deinde
1055 1893 1074 1934 a
1088 1873 1188 1936 Leone
1202 1875 1242 1934 ad
1258 1875 1394 1936 effectum

268 1976 414 2056 perducta
429 1976 503 2049 sint,
519 1977 584 2054 ipse
600 1976 688 2038 docet
701 1977 732 2036 in
748 1976 878 2054 epistola
894 1995 985 2054 supra
999 1977 1134 2038 laudata:
1156 1976 1275 2054 ,cartis
1291 1984 1397 2038 contra

267 2080 352 2157 leges
366 2080 470 2153 lactis,
492 2079 518 2140 si
538 2096 614 2155 quae
635 2085 734 2153 erant,
755 2079 892 2155 legaliter
910 2079 1030 2151 incisis,
1051 2080 1191 2140 nobiliter
1212 2079 1395 2141 acclamante

269 2183 398 2262 populo,
414 2181 636 2256 reuocauimus3
658 2181 802 2259 quosdam
820 2181 909 2242 etiam
925 2182 1016 2244 nullis
1034 2188 1181 2244 cartarum
1198 2181 1334 2244 colluuiis
1349 2183 1395 2242 in·

267 2285 377 2359 tectos,
398 2285 453 2348 sed
473 2290 589 2346 tantum
610 2285 701 2362 longo
720 2289 856 2364 tempore
872 2285 1000 2346 stultitia
1015 2286 1263 2364 predecessorum
1278 2291 1395 2348 nostro·

268 2407 344 2464 rum,
361 2387 411 2467 qui
426 2388 534 2448 iratres
550 2387 737 2464 negligentes
753 2387 825 2448 dicti
841 2396 920 2462 sunt,
937 2405 996 2448 non
1012 2388 1171 2466 inquisitos
1187 2388 1226 2450 ad
1236 2389 1395 2466 pristinum

268 2491 423 2554 seruitium
435 2487 636 2552 reduximus“.
647 2521 686 2532 -
701 2489 814 2550 Eadem
825 2508 907 2564 uero,
920 2509 996 2568 quae
1007 2497 1224 2565 antecessores,
1238 2509 1273 2552 ex
1286 2490 1393 2568 synodi

269 2593 430 2674 Papieusis
445 2594 579 2654 oratione
595 2593 729 2654 decreuit
743 2592 900 2654 Heinricus
915 2587 995 2668 llil:
1021 2593 1109 2670 „Filii
1125 2595 1255 2654 omnium
1272 2593 1394 2656 clerico·

267 2717 333 2760 rum
349 2697 539 2774 omniumque
555 2696 699 2773 gradmm
717 2713 871 2756 seruorum
888 2697 1048 2772 ecclesiae,
1069 2697 1106 2757 de
1127 2713 1311 2776 quacumque
1330 2717 1394 2757 mu·

267 2801 339 2862 liene
355 2817 541 2878 quocumque
556 2798 646 2860 modo
663 2799 721 2860 sibi
738 2799 903 2874 coniuncta,
919 2799 1029 2860 fuerint
1042 2799 1114 2871 nati,
1131 2799 1210 2860 serui
1224 2817 1296 2860 suae
1309 2805 1396 2861 crunt

268 2902 422 2978 ecclesiae,
439 2921 504 2964 cum
517 2901 654 2963 omnibns
667 2901 754 2962 bonis
766 2901 940 2978 adquisitis3
957 2907 987 2963 et
999 2903 1069 2980 quia
1080 2901 1159 2964 serui
1172 2906 1283 2962 suntet
1298 2907 1393 2971 erunt,

268 3023 428 3084 numquam
444 3005 481 3068 de
498 3005 621 3066 seruitio
637 3003 782 3066 ecclesiae
798 3003 877 3064 exiro
893 3003 1053 3066 debebunt.
1077 3004 1115 3064 st
1129 3005 1230 3066 omnia
1242 3021 1317 3082 quae
1332 3003 1393 3084 ipsi

269 3127 444 3189 permanes
459 3113 559 3186 etper
575 3108 752 3184 scriptiones
768 3105 894 3166 alicuius
910 3106 996 3168 liberi
1017 3107 1228 3185 adquisierint,
1249 3106 1394 3168 ecclesiae

268 3213 345 3274 sicut
360 3230 416 3272 sua
431 3210 555 3291 propria
568 3210 730 3271 reddimus.
754 3207 814 3268 Suo
831 3209 940 3270 etenim
955 3209 1012 3270 iuri
1026 3215 1122 3271 totum
1138 3209 1266 3270 ecclesia
1280 3215 1313 3270 ut
1324 3226 1394 3288 pro·

268 3315 365 3394 prium
381 3313 560 3385 nendicabit‚
577 3311 720 3390 quidquid
738 3311 798 3372 ullo
813 3310 934 3388 ingenio
951 3312 1096 3374 ecclesiae
1112 3331 1218 3372 seruus
1232 3311 1394 3384 contraxit;

268 3435 323 3478 neo
345 3416 397 3478 ulli
420 3415 581 3478 secundum
607 3413 862 3493 phantasmaticos
886 3414 971 3475 dabit
992 3414 1170 3476 adulterium
1193 3410 1392 3475 libertatern“.

270 3519 370 3580 Vetuit
385 3524 550 3597 praetcrea,
566 3536 603 3580 ne
619 3518 700 3578 serui
716 3534 769 3595 per
784 3534 891 3578 manus
906 3517 1067 3578 liberorum
1085 3517 1163 3578 ullas
1174 3517 1307 3578 facerent
1321 3515 1394 3578 scri-

268 3622 401 3702 ptiones,
418 3627 449 3681 ct
463 3626 495 3680 ut
510 3621 738 3692 tabellionibus,
755 3619 804 3696 qui
822 3619 1031 3698 scripsissent,
1047 3638 1153 3681 manus
1170 3619 1274 3680 dextra
1289 3637 1394 3696 ampu-

267 3731 380 3786 taretur
395 3723 558 3786 constituit.

330 3827 372 3888 At
391 3827 457 3903 quis
478 3831 539 3900 est,
560 3827 610 3903 qui
631 3825 782 3901 ingenium
798 3825 958 3886 humanum
975 3825 1041 3884 iura
1057 3825 1115 3886 sibi
1131 3823 1333 3902 competentia
1348 3823 1392 3884 af-

268 3931 382 3990 fectans
398 3931 552 3990 coerceat?

333 4031 492 4092 llediolani
508 4031 715 4092 ualuassorum
733 4029 879 4090 seditione
895 4030 1014 4109 eisque,
1036 4047 1112 4107 quae
1136 4036 1242 4108 postea
1261 4028 1393 4104 contige·

267 4141 344 4210 rant,
359 4133 490 4195 omnium
504 4133 639 4194 ordinum
651 4133 788 4194 homines
802 4133 933 4209 grauiter
947 4139 1033 4194 erant
1045 4132 1183 4193 commoti
1201 4137 1230 4192 et
1245 4131 1393 4191 concussi.

318 4282 339 4346 ¹)
356 4289 449 4336 liditnm
460 4303 497 4349 ep.
509 4289 612 4334 Proreus
624 4301 646 4348 p.
660 4289 717 4334 356.

318 4367 339 4434 ⁹)
358 4373 405 4421 Gir.
414 4373 486 4434 Leges
495 4374 596 4422 Heinrici
605 4373 633 4420 ll.
644 4374 786 4436 imperatoris
795 4373 927 4435 Papicnscs,
938 4388 987 4434 cap.
999 4375 1040 4420 8-
1051 4374 1073 4428 i,
1083 4387 1120 4434 ap.
1131 4373 1205 4428 Perta,
1216 4372 1284 4434 chg.
1295 4371 1323 4418 ll.
1335 4373 1394 4428 tto,
