3110 5022
794 195 813 259 8

697 283 900 292 ...-,..-.--.--

241 429 345 488 parum
366 408 518 470 declinans
543 406 722 468 consortium
748 404 849 464 inuitis
870 404 930 464 illis
952 421 988 463 ac
1003 402 1239 480 repugnantibus
1255 401 1364 462 adierit

242 511 447 585 Germaniam,
472 510 555 570 solus
570 510 636 586 ipse
650 525 752 585 regem
768 507 917 568 electurus
934 505 1167 568 Theutonicum“
1186 504 1235 578 (ΙΙ.
1253 502 1283 578 2)
1304 521 1363 564 non

240 618 321 676 recte
337 631 370 676 se
384 612 491 686 habet3
513 617 543 672 et
559 616 674 690 postea,
691 611 741 671 ubi
757 611 794 670 de
809 609 999 686 Burgundiae
1015 609 1105 669 rebus
1120 608 1192 684 agit,
1209 613 1364 683 utramque

242 715 372 778 Conradi
387 715 426 775 ΙΙ.
452 713 670 793 expeditionem
692 713 763 773 illuc
781 713 889 772 factam
912 711 1067 773 confundit
1087 708 1136 786 (ΙΙ.
1159 713 1192 782 8;
1214 710 1267 769 cir.
1288 726 1365 786 quae

241 818 397 878 annotauit
411 816 608 877 wattenbach
625 835 653 875 n.
672 818 733 890 72).
758 813 816 876 Sed
834 815 1014 893 procedente
1036 813 1170 874 eratione
1196 811 1244 872 uel
1263 811 1366 872 huius·

242 921 322 982 modi
331 919 512 981 erratafiuut
525 919 648 989 rariora3
664 935 787 992 earcere,
802 913 876 994 quae
888 917 1045 994 depatriae
1057 915 1140 976 urbis
1151 915 1242 976 rebus
1253 920 1365 985 narrat,

243 1023 374 1102 optimae
383 1019 1090 1098 essenotae,·diplomataostendunt,quibuscum
1101 1019 1366 1096 semperlereeon-

243 1118 372 1200 sentit1).
395 1123 430 1184 In
446 1123 494 1182 his
509 1123 598 1198 igitur
614 1141 686 1201 prae
699 1122 806 1182 ceteris
822 1123 960 1182 omnibus
975 1123 1062 1184 nobis
1074 1122 1131 1182 erit
1141 1122 1367 1198 antesignanus.

307 1226 408 1302 Longe
425 1225 512 1286 aliter
525 1224 715 1284 iudicandum
733 1230 777 1286 est
795 1225 832 1284 de
847 1224 1027 1286 Landullo
1043 1225 1207 1298 seniore,
1230 1224 1367 1302 quamuis

244 1334 275 1390 et
288 1329 355 1408 ipse
370 1329 399 1386 in
416 1327 546 1404 epistola
561 1325 746 1386 dedicatoria
761 1327 926 1405 promittat,
943 1345 1039 1404 ,quae
1055 1327 1140 1388 libris
1152 1327 1243 1388 uariis
1256 1345 1291 1388 ac
1303 1345 1366 1402 ear·

243 1431 315 1494 tulis
331 1429 527 1510 repperisset,
549 1447 625 1506 quae
640 1448 659 1488 a
673 1429 746 1488 uiris
762 1429 928 1490 uerissimis
951 1436 981 1490 et
995 1429 1150 1496 catholicis
1166 1429 1323 1490 didicisset
1338 1435 1368 1489 et

245 1533 335 1594 urbes
362 1532 467 1592 ltaliae
490 1531 706 1609 perscrutando
734 1530 944 1608 cognouisset“
973 1538 1160 1610 posterorum
1190 1533 1368 1592 utilitatibus

246 1653 314 1698 sese
335 1634 464 1694 fideliter
486 1639 700 1694 enarraturum.
734 1633 797 1694 Imo
813 1640 893 1694 recte
907 1634 966 1694 iam
983 1635 1040 1694 uiri
1055 1634 1135 1696 docti
1150 1635 1367 1707 intellexerunt,

247 1737 543 1798 uehementissimum
560 1754 626 1796 eum
643 1755 711 1796 esse
727 1737 856 1815 partium
873 1743 1066 1812 sectatorem,
1082 1738 1132 1815 qui
1149 1737 1239 1797 nimie
1255 1736 1368 1798 Medio·

247 1839 380 1900 lanensis
396 1838 540 1899 eeclesiae
556 1839 665 1910 studio,
687 1837 778 1900 nimio
793 1845 898 1900 contra
913 1841 1070 1916 pontifices
1086 1840 1236 1901 Romanos
1253 1858 1368 1900 eorum·

248 1961 304 2020 que
319 1941 452 2010 asseclas
467 1941 537 2001 odio
553 1959 698 2004 accensus
714 1941 859 2018 integram
877 1942 922 2002 sui
936 1943 1002 2002 aeui
1017 1943 1172 2002 historiam
1190 1959 1369 2020 componere

248 2044 421 2122 nequiuerit.
446 2042 503 2104 Sed
517 2062 554 2104 ne
566 2061 667 2104 eorum
680 2044 809 2121 quidem,
822 2062 898 2122 quae
913 2051 982 2104 aute
998 2064 1064 2104 eum
1080 2052 1167 2121 gesta
1178 2053 1272 2106 erant.
1296 2044 1368 2106 (ium

248 2148 327 2208 enim
343 2165 396 2224 pro
409 2146 686 2225 archiepiscopatus
700 2147 745 2208 sui
757 2147 869 2208 honore
882 2148 1030 2224 omnibus,
1042 2153 1074 2207 ut
1084 2148 1127 2208 ita
1138 2147 1245 2220 diuam,
1255 2147 1369 2208 uiribus

248 2255 385 2323 certaret,
409 2249 474 2310 lieri
489 2267 548 2308 nou
565 2250 671 2326 potuit,
687 2249 758 2328 quin
774 2268 889 2310 summo
906 2249 1010 2311 dolore
1025 2250 1150 2310 allectus
1166 2249 1203 2310 de
1219 2251 1277 2322 eis,
1293 2267 1370 2326 quae

248 2370 303 2412 sua
318 2356 416 2412 aetate
433 2351 592 2412 Mediolani
608 2358 782 2428 agerentur,
798 2343 836 2412 ad
853 2353 955 2431 prisca
967 2358 1106 2431 tempora
1120 2354 1206 2430 quasi
1226 2353 1370 2414 laustiura

249 2461 279 2516 et
300 2443 432 2515 feliciora
448 2455 631 2532 confugeret,
654 2472 747 2532 eaque
771 2455 946 2531 aequalibus
970 2455 1033 2516 suis
1058 2456 1144 2532 quasi
1168 2455 1371 2534 exemplaret

248 2574 382 2616 normam
404 2564 474 2616 ante
497 2557 600 2618 oculos
624 2564 757 2636 poneret.
796 2557 844 2618 Sic
868 2558 988 2618 omniuo
1008 2558 1042 2618 lit
1063 2557 1201 2618 laudator
1226 2557 1369 2635 temporis

248 2660 323 2730 acti,
339 2659 389 2736 qui
405 2659 442 2719 de
461 2659 610 2738 prioribus
628 2660 797 2721 hominibus
815 2661 862 2721 uel
880 2661 970 2721 rebus
988 2679 1094 2722 sanum
1116 2667 1146 2722 et
1166 2661 1369 2738 incorruptum

248 2761 389 2822 iudicium
405 2762 481 2822 lerre
497 2769 634 2840 nequeat.
665 2763 815 2842 Imprimis
832 2763 971 2824 Aribertc
987 2764 1069 2823 lauet
1083 2770 1233 2841 tamquam
1255 2763 1369 2836 ultimo,

250 2865 300 2942 qui
316 2864 473 2925 ecclesiam
489 2864 742 2926 Mediolanensem
758 2865 933 2937 detenderit,
949 2867 1072 2940 auxerit,
1089 2867 1251 2938 creauerit3
1267 2883 1371 2928 omnes

251 2967 363 3027 strenui
384 2967 529 3044 principis
551 2972 581 3026 et
602 2967 671 3027 boni
692 2967 827 3046 episcopi
849 2968 975 3028 uirtutes
996 2968 1022 3028 ei
1044 2969 1180 3040 ascribit,
1207 2967 1319 3028 nullam
1340 2968 1370 3028 in

251 3087 286 3129 eo
302 3068 450 3128 maculam
466 3068 549 3128 uidet
564 3063 611 3129 uel
628 3064 799 3145 ostendit⁹l¹
823 3071 921 3148 Atque
942 3089 1001 3131 non
1018 3070 1116 3132 solum
1136 3071 1255 3148 quidem
1276 3070 1371 3130 archi·

251 3171 435 3250 episcopum,
447 3171 499 3232 sed
513 3178 543 3232 et
554 3189 657 3232 omnes
671 3173 813 3234 ecelesiae
826 3173 1057 3234 Mediolanensis
1070 3174 1233 3252 participes
1248 3173 1371 3234 summis

251 3273 390 3334 laudibus
414 3274 542 3334 extollit:
567 3275 741 3336 clericorum
764 3276 945 3336 matrimonii
960 3275 1088 3336 uinculis
1110 3282 1172 3336 tum
1198 3277 1372 3354 plerumque

249 3381 398 3436 tentorum
414 3377 617 3451 sobrietatem,
634 3377 839 3457 disciplinam,
856 3379 1019 3438 doctrinam
1036 3379 1181 3452 celebrat3
1204 3379 1241 3438 de
1256 3379 1372 3440 nassal·

302 3543 323 3605 ¹)
342 3547 388 3594 (ilc.
398 3551 489 3608 praeter
500 3548 529 3594 11.
543 3549 616 3604 e—5‚
629 3563 687 3608 quaa
700 3564 728 3595 ex
743 3553 818 3606 ,tomo
830 3550 951 3610 superbae
963 3564 986 3596 re
999 3549 1143 3612 conscripto¹
1156 3550 1239 3598 hausta
1249 3551 1299 3611 ipse
1309 3549 1372 3605 dicit,

145 3645 147 3649 ·
251 3633 362 3694 imprimis
375 3633 404 3680 11.
418 3635 462 3690 20,
479 3634 518 3680 uhi
531 3635 559 3681 de
571 3635 670 3681 Ariberti
681 3635 768 3681 ultimis
781 3635 861 3682 diebus
873 3649 943 3694 agam
959 3650 1010 3682 cum
1022 3637 1123 3694 notitiis,
1140 3651 1197 3697 quas
1208 3637 1300 3684 tertium
1312 3635 1373 3700 illius

250 3721 411 3766 testamentum
423 3720 528 3780 praebet,
541 3721 626 3780 optime
638 3722 753 3768 conuenit.

301 3795 324 3862 ⁹)
342 3804 495 3852 Laudationes
512 3807 561 3854 eius
580 3807 685 3854 inuenies
704 3808 838 3866 praesertim
849 3807 879 3854 11.
894 3807 926 3854 20
939 3821 1002 3868 sqq.;
1020 3808 1156 3854 senteutiam
1172 3807 1313 3867 primariam,
1329 3819 1375 3866 qua

251 3891 325 3938 omnis
333 3889 440 3938 Laudulli
451 3892 551 3938 muratis
567 3894 669 3948 tenetur,
683 3892 712 3938 11.
725 3893 769 3938 29:
789 3893 847 3940 (lum
856 3893 961 3940 curetur
970 3893 1035 3940 lesus
1048 3893 1088 3940 din
1099 3907 1126 3940 ac
1139 3896 1243 3954 tempera
1253 3891 1375 3952 permulta

251 3975 456 4022 Mediolanensium
468 3977 583 4023 ciuitatem
595 3991 664 4036 snper
675 3990 753 4024 omnes
765 3978 845 4024 ltaliae
857 3979 962 4026 ciuitates
979 3978 1068 4025 clericis
1085 3977 1196 4025 militibus
1210 3977 1373 4024 strenuissimis

251 4061 375 4122 multisque
387 4062 529 4122 sapientibus
541 4063 609 4122 atque
621 4061 750 4110 haedificiis
759 4063 915 4125 imperialibus
932 4063 1056 4112 eleuassetr
1074 4065 1098 4110 in
1110 4066 1182 4110 morte
1200 4061 1375 4123 praeclarissimi

252 4147 378 4194 sacerdotis
394 4147 646 4209 atquearchiepisocpi
662 4149 788 4200 liodberti,
812 4163 862 4196 cum
880 4161 926 4210 quo
944 4164 1022 4198 omnes
1041 4149 1151 4196 ecelesiae
1167 4147 1375 4196 Ambrosianum

251 4233 386 4282 clericorum
406 4234 509 4281 eiusdem
529 4232 627 4281 honores
647 4233 763 4290 abierunt,
786 4235 896 4282 malorum
916 4235 999 4282 civium
1020 4235 1106 4284 meritis
1126 4234 1281 4292 exigentibus,
1302 4235 1375 4294 ipsam

211 4301 214 4306 Ι
252 4335 396 4382 compescere
408 4323 432 4367 et
443 4321 590 4382 comprimere
602 4320 724 4381 disposuit.
