3110 5022
782 231 821 294 14

239 437 435 513 ...augusto
457 441 510 498 aut
530 436 632 514 fugato
654 443 706 498 aut
729 442 834 500 necato
856 438 1126 512 introducendum.
1153 443 1307 520 Augustus
1330 461 1367 516 ex

239 543 361 600 senatus
374 523 493 600 decreto
505 537 627 600 eosdem
639 537 800 622 episcopos
816 547 906 602 truce
919 539 1017 624 Alpes
1033 541 1207 608 secandos
1222 543 1366 622 eontulit,

238 639 339 718 sicque
355 640 407 700 illa
422 642 605 721 conspiratio
621 642 757 722 deperiit.

310 738 367 803 Vto
380 743 551 820 Burgundio
563 745 709 820 tirannus,
725 746 796 824 quia
807 747 837 806 in
850 747 942 824 priori
953 749 1171 812 machinatione
1184 750 1364 827 condignum

240 845 297 906 sibi
319 846 444 906 exicium
461 866 520 908 non
541 848 669 922 inuenit,
690 849 751 911 alia
771 849 821 910 uia
921 850 1020 928 perire
1042 853 1210 932 temptauit.
1252 848 1364 915 Vrbem

237 945 449 1029 imperatorne,
461 967 541 1028 quae
556 950 634 1012 Bora
657 951 774 1026 dicitur,
790 952 880 1012 sitam
893 951 929 1014 in
944 947 1157 1036 Lotdurr'npr'c
1172 953 1263 1016 iacto
1277 973 1363 1016 mor·

238 1047 329 1112 enom
354 1046 517 1120 Gerelonr'o
541 1050 631 1116 dacio
646 1050 774 1134 filiique
806 1047 967 1134 Goteyir'di
994 1056 1222 1136 circumquaque
1251 1057 1361 1120 debae-

236 1154 341 1214 ehatus
354 1155 509 1234 predando
522 1155 677 1218 obsedit..
689 1204 695 1218 .
707 1202 714 1218 .
738 1156 863 1232 (Vltima
871 1158 963 1220 uerba
970 1159 1077 1220 iterum
1086 1155 1216 1222 fortasse
1225 1179 1241 1222 e
1251 1163 1363 1224 nostris

237 1257 345 1320 Annal.
362 1257 558 1324 Hildesheim.
576 1260 671 1338 petita
686 1265 716 1320 et
731 1277 796 1320 eum
812 1260 935 1322 alterius
949 1261 1040 1324 tontis
1055 1261 1255 1339 concionata).

622 1357 742 1423 Herr'ro.
766 1359 852 1445 Any.
877 1357 977 1424 1037.

302 1461 492 1543 (Imperator)
514 1463 705 1526 Heribertum
727 1461 993 1528 Medeoloneceern
1015 1461 1287 1550 archiepiscopum
1310 1467 1361 1530 a'a·

234 1561 397 1639 fidelitatis
413 1574 599 1628 accuratam
621 1561 818 1648 adprehendi
835 1566 928 1630 doerit
943 1586 1075 1649 eumque
1089 1565 1243 1651 Poppone'
1256 1567 1361 1654 Aqui-

236 1663 366 1749 lepr'enar'
387 1665 599 1751 patruorodae
634 1667 874 1732 custodiendum
909 1669 1148 1734 commendauit.
1188 1666 1255 1748 Qor'
1272 1671 1361 1758 faya

236 1767 425 1851 elapsae...
1175 1829 1177 1834 .
1240 1825 1245 1835 s

299 1869 455 1955 Epa'acopi
474 1870 697 1950 Placentinos„
716 1869 931 1936 Cremonenses
946 1883 976 1936 er
997 1871 1199 1938 Vononem
1221 1875 1363 1940 incusati

235 1970 276 2036 ab
291 1974 482 2058 imperatore
497 1975 645 2059 captique
659 1983 688 2040 et
702 1975 737 2040 a'a
752 1975 881 2040 odilione
893 1976 984 2042 mmai
996 1986 1080 2040 aunt

299 2079 370 2158 Ipso
386 2099 464 2141 anno
481 2097 593 2162 papea
607 2077 691 2141 inter
710 2075 848 2141 Odonern
858 2123 864 2138 .
874 2127 900 2143 ..
917 2088 947 2142 et
965 2075 1164 2145 Gozza'looem
1179 2077 1355 2154 Lotdnriaf

232 2200 347 2263 porum
362 2181 472 2244 dooere
487 2181 644 2246 commiade
662 2177 730 2244 Odo
746 2181 850 2246 uictas
865 2191 910 2250 est
924 2202 996 2246 cam
1010 2183 1077 2246 ono

234 2291 374 2363 quattuor
395 2287 452 2348 hos
474 2287 572 2348 fontes
593 2287 713 2352 arctiori
735 2286 864 2365 quodam
886 2286 1005 2350 uinculo
1028 2287 1203 2350 coniunctos
1224 2288 1358 2351 teneris

234 2406 342 2464 rerum,
352 2389 589 2468 compositionis,
599 2389 759 2452 uerborum
770 2389 965 2452 similitudine
977 2389 1065 2451 facile
1077 2407 1236 2467 agnoscas.
1259 2391 1358 2470 Atque

234 2509 301 2552 curn
317 2491 443 2570 Wipone
465 2491 584 2570 quidem
605 2491 680 2552 haec
695 2493 833 2569 cognatio
854 2492 913 2552 iarn
930 2509 966 2554 eo
982 2492 1050 2572 ipso
1066 2511 1145 2558 anno
1162 2493 1282 2568 desinit,
1298 2493 1357 2554 nisi

234 2611 279 2670 ea,
296 2612 372 2673 quae
388 2593 525 2672 sequenti
540 2593 638 2672 eapite
655 2593 692 2654 de
708 2593 855 2656 seditione
871 2595 1026 2656 Parmensi
1041 2595 1151 2669 tradit,
1168 2613 1234 2658 cum
1250 2595 1356 2658 Annei.

234 2697 429 2775 Magdeburg.
446 2697 657 2758 narrationem
675 2700 764 2758 1038.
782 2698 916 2760 conferre
931 2698 1025 2773 oelis3
1040 2698 1171 2776 quidque
1186 2699 1306 2762 omnino
1322 2717 1359 2760 ea

233 2801 347 2864 adrem
359 2807 492 2866 nostram
507 2800 606 2876 faciat,
623 2804 731 2879 postea
742 2800 861 2862 demum
874 2801 1102 2881 explicabimus.
1125 2801 1238 2864 Contra
1248 2801 1358 2862 Annal.

231 2897 297 2966 San
312 2903 390 2966 Gall.
406 2904 487 2977 mai„
501 2904 593 2966 fontis
608 2903 702 2980 ignoti
713 2902 905 2980 Fragmenta,
921 2903 1033 2966 Herim.
1046 2904 1206 2967 chronicon
1221 2903 1269 2966 uei
1281 2903 1360 2966 ultra

235 3003 365 3072 Conradi
381 3012 506 3068 mortem
522 3006 723 3080 consentiunt,
740 3006 771 3068 id
787 3006 866 3084 qnod
881 3007 1027 3084 imprimis
1043 3007 1229 3087 probatura.
1247 3009 1340 3068 1040.

523 3105 641 3170 Arcnal.
667 3102 735 3170 San
761 3101 846 3172 Gall.
868 3106 943 3172 mai.
969 3103 1071 3172 1040.

298 3212 416 3276 Rex...
432 3213 463 3276 in
478 3213 546 3291 ipsa
560 3194 670 3293 spica,
692 3229 849 3292 perquam
870 3212 927 3275 iter
947 3229 1034 3274 suum
1056 3212 1221 3290 disposuit,
1242 3211 1357 3291 pleros·

233 3335 290 3395 qne
311 3315 428 3378 dennis
449 3332 510 3376 non
531 3315 666 3391 intimos,
686 3314 745 3377 hen
766 3313 842 3394 proh
864 3315 964 3378 dolori
989 3314 1128 3394 perdidit.
1159 3313 1236 3378 Nam
1257 3331 1358 3376 eomes

241 3414 441 3480 Wandalorum
452 3419 560 3482 ceteris
570 3423 674 3480 auctor
685 3417 815 3480 audendi
828 3417 934 3493 tactus,
943 3417 1014 3480 dnm
1026 3415 1359 3491 concinnandam

232 3527 301 3586 ante
325 3541 358 3584 se
379 3521 517 3600 ignarus,
540 3521 648 3582 saltum
669 3517 797 3582 incaute
816 3517 906 3599 iniit,
929 3521 1007 3582 inter
1021 3525 1170 3597 angustas
1185 3521 1358 3590 semitarum

232 3627 334 3690 iances
346 3625 435 3688 simul
447 3623 595 3686 devenere
606 3623 637 3686 in
649 3621 746 3686 locum
759 3621 817 3684 sibi
828 3622 917 3684 nimis
928 3622 1101 3699 infaustum,
1112 3622 1246 3686 hostiurn
1256 3628 1357 3686 numm

231 3728 330 3792 troadi
346 3727 420 3790 satis
435 3725 670 3790 accommodum.
695 3725 742 3788 Ibi
764 3723 935 3808 omnigenis
956 3722 1024 3788 tedia
1035 3724 1158 3790 emenus
1173 3719 1282 3790 obruti
1294 3743 1358 3789 mo·

232 3832 386 3896 ciebantur
405 3831 505 3906 multi,
527 3830 667 3910 quonism
687 3828 748 3890 illis
769 3828 917 3892 densitate
938 3829 1034 3892 saltos
1054 3828 1176 3892 irretitis
1192 3828 1282 3910 eopia
1296 3845 1355 3890 non

233 3941 297 3999 erat
311 3942 415 3998 contra
429 3934 556 3998 feriendi
570 3932 740 3996 colmanus
756 3931 943 3995 conserendi.

633 4031 828 4117 Ercpmenta
853 4022 958 4098 1040ss

297 4136 406 4202 Ottone
490 4159 545 4220 per
559 4137 702 4201 saltuoso
716 4146 745 4200 ct
758 4135 850 4198 inuia
869 4137 1053 4218 irrumpente
1072 4135 1195 4216 quidam
1214 4135 1357 4200 exlatere

232 4244 314 4321 regis
326 4243 438 4318 emissi,
449 4248 606 4322 sperantes
618 4260 652 4304 se
662 4240 779 4304 fortiter
789 4239 931 4315 tacturos,
941 4235 1183 4303 concoctionem
1194 4236 1359 4320 quandum

235 4347 265 4408 in
287 4347 368 4408 saltn
388 4347 601 4426 expugnaturi,
622 4345 789 4408 inconsulte
811 4348 1039 4425 processerunt,
1064 4343 1117 4404 ubi
1136 4343 1286 4422 protensis
1301 4341 1357 4426 ,ia-
