3110 5022
743 273 786 336 25

636 367 643 378 ,
658 363 863 372 —··—-—

202 485 306 548 dorum
329 485 395 562 lege
417 484 579 546 constituta
593 501 689 562 neque
704 483 774 544 aliis
793 483 826 542 in
839 483 929 544 rebus
949 483 1066 544 illorum
1081 473 1197 542 ratione
1210 481 1323 542 habita.

202 589 308 666 Itaque
328 589 517 660 factumest,
538 592 571 646 ut
594 587 812 666 posterioribus
831 585 1016 664 temporibus
1037 585 1186 664 capitanei
1206 602 1326 663 semper

200 691 262 752 lere
278 689 432 768 episcopis
448 684 691 768 adhaerereut¹)‚
708 706 809 751 eorum
826 694 912 764 geete
927 706 986 748 uon
1001 707 1068 748 raro
1081 687 1324 762 determinareut3

200 793 393 854 ualuassores
412 797 512 854 autem
534 810 650 854 summa
667 797 770 858 contra
786 809 838 852 eos
859 791 904 850 ira
918 791 1016 852 adecti
1039 791 1125 852 facile
1141 809 1206 852 cum
1222 807 1325 850 eorum

200 895 392 968 aduersariis,
416 895 601 956 secularibus
624 895 803 972 praesertim
823 895 1027 972 principibus,
1050 912 1083 955 se
1099 895 1323 970 coniungerent.

200 999 417 1076 Cognoscimus
433 998 462 1058 id
478 997 625 1076 imprimis
638 1015 657 1056 e
672 996 858 1058 documentis
874 997 982 1075 quibus
1000 998 1162 1062 certamina
1176 997 1254 1058 inter
1266 995 1324 1056 Ar-

201 1102 323 1182 duinum
344 1101 547 1164 marchionem
567 1099 801 1178 Eporediensem
828 1109 858 1160 et
879 1101 1042 1178 episcopos
1065 1098 1273 1160 vercellenses
1295 1105 1326 1162 ct

200 1205 423 1283 Eporedienses
438 1209 525 1281 gesta
545 1203 747 1264 illustrantur:
771 1203 822 1264 ubi
842 1203 892 1264 ille
914 1202 1135 1282 episcopiorum
1158 1200 1325 1278 „secundos

174 1337 178 1344 -
201 1307 312 1368 milites
324 1325 401 1385 pene
413 1324 517 1368 omnes
533 1307 563 1366 in
576 1306 698 1385 periurii
711 1303 841 1368 crimen“
859 1299 1065 1387 adduxeram).
1096 1303 1199 1383 Neque
1219 1308 1326 1382 postea

200 1411 265 1486 regi
280 1409 414 1470 Arduino
431 1409 595 1472 defuerant.

267 1511 325 1574 Sed
341 1531 378 1573 ne
396 1512 535 1573 defuncto
556 1511 676 1588 quidem
697 1511 832 1572 Arduino
854 1529 912 1589 pax
932 1510 1071 1571 redierat.
1101 1507 1269 1571 EGonrsdi
1284 1508 1323 1568 II.

202 1615 364 1696 diplomate
380 1614 519 1676 Hubaldo
536 1613 606 1674 dato
614 1609 637 1690 ⁸)
660 1613 869 1691 comperimus,
886 1612 1114 1686 Cremonenses,
1136 1611 1186 1690 qui
1202 1611 1271 1671 iude
1286 1612 1324 1672 ab

202 1736 232 1778 a.
243 1719 314 1778 850.
331 1717 485 1796 episcopis
501 1717 564 1778 suis
579 1715 761 1790 restiterant,
781 1723 885 1777 contra
896 1715 1073 1776 Landullum
1090 1707 1325 1794 (root—1030)

201 1819 244 1880 ita
259 1820 449 1897 conspirasse
467 1825 496 1880 et
512 1819 699 1891 coniurasse,
720 1825 772 1894 „ut
786 1837 852 1880 cum
869 1837 937 1879 oum
951 1819 1036 1896 graui
1050 1817 1214 1896 ignominia
1229 1822 1258 1878 et
1274 1817 1324 1877 de-

203 1922 309 1982 decore
337 1922 373 1983 de
393 1922 514 1983 ciuitate
543 1923 668 1982 eiectum
693 1923 780 1983 bonis
804 1922 942 1983 omnibns
971 1921 1188 2000 exspoliarent,
1214 1925 1326 1980 terram

201 2043 289 2084 unam
313 2029 412 2086 castro
437 2043 502 2085 curn
524 2025 636 2104 duplici
655 2042 740 2086 muro
766 2031 796 2085 et
814 2025 946 2086 turribus
974 2030 1090 2103 septem
1114 2023 1325 2084 circumdatam

200 2127 534 2202 recommemorent,
550 2127 692 2201 famulos,
714 2129 764 2205 qui
781 2128 958 2201 intererant,
974 2145 1041 2190 cum
1057 2127 1236 2205 quibusdam
1251 2125 1324 2206 iide-

200 2229 281 2292 libus
301 2229 455 2292 canonicis
478 2230 603 2291 uenales
623 2230 769 2300 iacerent,
793 2248 896 2292 omnes
920 2247 1021 2291 eorum
1041 2231 1254 2308 possessiones
1269 2229 1325 2289 tol·

200 2333 310 2405 lerent,
330 2333 436 2394 domus
453 2331 671 2405 destruerent“‚
697 2333 809 2410 palatio
826 2328 954 2411 denique
978 2333 1072 2394 ueteri
1093 2351 1112 2392 a
1131 2331 1325 2406 fundamento

201 2436 307 2497 obruto
322 2435 403 2496 aliud
419 2436 515 2496 maius
531 2441 635 2497 uonna
650 2436 835 2515 episcopum,
851 2435 979 2496 fortasse
1002 2435 1091 2496 etiam
1107 2439 1211 2496 contra
1226 2435 1323 2514 impe·

199 2543 327 2599 retorem
339 2533 571 2617 aedificarent4).
602 2537 715 2598 liudem
733 2537 821 2598 modo
834 2538 960 2616 primum
969 2537 1107 2599 Laudulfi
1119 2555 1324 2599 successorem

198 2639 369 2701 Hubaldum
378 2646 588 2708 tractaueraut.
601 2639 774 2702 Districtum
785 2641 811 2700 ei
821 2641 1016 2714 abstulerant,
1026 2657 1147 2701 censum
1159 2639 1325 2708 solitumde

197 2742 377 2804 molendinis
385 2743 550 2804 etnauibus
558 2744 586 2804 ei
594 2743 827 2820 denegaueranq
835 2744 1028 2804 ecclesiarum
1037 2749 1134 2804 terras
1142 2735 1326 2820 inuaserant,

199 2863 290 2923 super
303 2845 420 2924 ipsum,
445 2846 585 2916 clericos,
603 2847 782 2918 monachos,
799 2845 1010 2908 ministeriales
1032 2847 1166 2907 assultus
1182 2847 1325 2920 fecerant,

199 2947 293 3008 siluas
308 2948 452 3009 radicitus
468 2949 642 3025 euellerant,
658 2949 770 3010 nullam
784 2949 912 3026 denique
925 2954 1107 3028 potestatem
1122 2955 1205 3011 caua
1217 2949 1324 3010 domus

199 3067 271 3110 suae
286 3057 402 3127 portam
418 3051 562 3130 episcopo
579 3059 747 3130 competere
770 3052 1038 3130 proclamaucraut.
1067 3052 1170 3131 Neque
1186 3053 1325 3131 quamuis

250 3283 270 3347 ¹)
288 3289 323 3337 De
335 3303 416 3349 magna
429 3291 599 3352 capitaneorum
610 3293 714 3353 potentia
726 3293 774 3350 ugit
785 3292 853 3338 etiam
865 3291 993 3338 landulfus
1005 3293 1034 3338 ΙΙ.
1047 3293 1092 3339 26:
1114 3291 1325 3350 „honorificentiam

197 3375 266 3434 etque
275 3387 366 3422 suarum
376 3376 511 3435 dignitatum
521 3377 712 3436 magnificentiam
722 3378 793 3424 duces
806 3378 901 3425 uouitlis
910 3379 1037 3439 capitaneis
1049 3376 1186 3434 dederunt‘‚
1200 3378 1238 3424 ubi
1249 3381 1325 3427 tamen

198 3460 281 3508 ducum
292 3463 475 3510 commemoratio
486 3463 565 3524 inepte
577 3466 620 3512 est
646 3463 692 3512 Gir.
704 3463 777 3522 Hegel
790 3463 818 3510 ll.
833 3465 889 3512 144.

248 3537 270 3603 ²)
286 3547 449 3604 ‚Atrociter
458 3546 546 3609 coegit“
556 3550 613 3596 dicit
620 3549 718 3610 epistole
724 3550 752 3598 ab
759 3551 857 3600 Arduini
862 3550 968 3598 hostibus
976 3549 1088 3608 confecta,
1095 3565 1131 3612 cp·
1138 3550 1249 3608 Pronum,
1257 3549 1326 3600 Studi

198 3630 270 3678 critici
287 3645 353 3678 sorra
364 3619 393 3679 ¹le
410 3633 481 3680 storia
492 3627 583 3681 d'ltalia
594 3626 614 3681 a'
632 3636 703 3699 tempi
715 3636 753 3685 del
765 3650 789 3682 re
801 3631 938 3698 Ardoiuo'p.
953 3636 1009 3684 344.
1034 3637 1086 3682 Non
1103 3639 1179 3684 umen
1196 3637 1219 3683 ui
1235 3650 1274 3684 eos
1287 3651 1324 3682 co·

197 3718 260 3763 actos
273 3730 323 3764 esse
336 3718 406 3764 euicit
417 3718 521 3765 Provana
531 3719 548 3767 1.
561 3720 577 3766 l.
590 3734 613 3766 n.
627 3722 654 3777 3,
668 3721 707 3781 qni
719 3723 811 3768 omnino
824 3721 907 3768 dehac
920 3721 1078 3768 ualuassorum
1091 3736 1142 3769 cum
1155 3723 1258 3769 Arduiuo
1270 3737 1324 3769 con-

196 3802 313 3848 iunctione
329 3803 414 3862 optime
427 3805 481 3862 egit.
511 3804 557 3851 Gir.
571 3805 687 3852 Allocutio
700 3807 801 3867 episcopi
820 3807 981 3868 lporiedieneis
998 3808 1145 3868 adplenum,
1165 3822 1202 3868 ap.
1220 3807 1324 3856 Provane

196 3900 220 3946 p.
239 3887 300 3934 840:
325 3888 484 3936 lteledicimus
506 3903 602 3937 ornnes
623 3891 735 3940 milites
755 3895 839 3938 terram
856 3893 881 3940 S.
898 3891 983 3940 ldariae
1000 3893 1123 3954 iporiensis
1145 3895 1261 3949 tenentes,
1284 3894 1324 3954 qui

199 3972 301 4018 Ardoino
314 3975 337 4019 et
348 3973 448 4020 Amedeo
460 3975 595 4022 conscilium
607 3978 631 4023 et
642 3977 779 4024 adiutorium
791 3992 832 4038 per
844 3979 937 4039 aliquod
949 3979 1063 4038 ingenium
1076 3979 1188 4026 dederint.

248 4050 269 4116 3)
287 4059 332 4119 Ap.
344 4057 445 4118 Uglrelli‚
462 4061 528 4108 Italia
545 4075 610 4109 sacra
626 4063 666 4109 lv.
681 4063 744 4121 5955
761 4063 802 4110 cir.
814 4063 903 4110 Literae
920 4065 1019 4112 conradi
1036 4065 1067 4112 ed
1083 4065 1145 4111 ciues
1157 4065 1323 4112 Cremonenses

197 4157 234 4203 ap.
246 4143 368 4201 muratori,
381 4146 534 4206 Antiquitetes
547 4146 587 4194 Vl.
600 4147 641 4195 uu.

247 4223 269 4289 ⁴)
287 4229 322 4277 De
334 4231 420 4290 palatio
432 4231 502 4288 euim,
519 4246 566 4279 non
578 4233 606 4279 de
618 4234 757 4294 reipublicae
773 4235 846 4282 torma
857 4235 1013 4296 intellegenda
1027 4249 1079 4282 esse
1091 4235 1222 4296 diplomatis
1239 4237 1320 4284 uerliez

199 4315 433 4372 „civitatemveterem
443 4317 619 4366 alaudemeutie
629 4319 760 4368 obruissent
767 4319 827 4368 etc.“
838 4335 890 4369 enm
900 4321 1070 4370 Giesellreclat'eo
1080 4319 1250 4379 (bueraeitll.
1261 4321 1323 4380 628)

196 4414 238 4459 ego
250 4414 341 4463 quoque
353 4405 429 4450 etetuo
442 4401 532 4462 (contre
543 4404 663 4464 nemnem
674 4405 704 4454 ll.
719 4407 766 4454 139
779 4419 801 4453 n.
816 4405 850 4464 Β).
