3110 5022
725 243 765 308 39

639 327 844 340 ......—.—

180 455 243 516 lam
259 455 337 515 enim
354 455 440 516 simul
458 473 523 514 cum
546 454 690 516 militibus
712 455 867 527 secundis,
891 459 923 513 nt
939 455 1046 514 Annal.
1063 453 1122 514 San
1139 453 1216 513 Gall.
1234 453 1302 515 mai.
1365 499 1368 503 .

181 555 227 632 (ad
244 577 270 617 a.
285 555 385 632 1030.)
397 559 528 630 tradunt,
544 557 633 618 etiam
649 557 788 636 „quidam
804 577 820 618 e
836 557 938 619 seruili
954 555 1123 617 conditione
1135 561 1239 617 contra
1250 555 1303 617 do·

180 661 277 722 minos
289 679 360 722 snos
369 666 510 738 proterua
521 661 649 722 factione
661 659 835 739 conspirati,
847 661 905 738 ipsi
918 659 1039 721 sibimet
1049 660 1127 720 inter
1135 676 1167 719 se
1179 659 1303 732 iudices,

180 763 244 822 iura
258 782 294 824 ac
309 763 392 840 leges
409 763 634 834 constituerant,
650 763 697 824 ias
713 764 856 841 nefasque
872 760 1097 824 confuderantll.
1125 760 1236 822 Omnes
1252 761 1303 821 de-

179 865 282 944 niqne,
306 883 371 926 cum
388 868 522 927 arose.
539 865 622 941 regni
639 865 736 926 Italici
751 865 902 943 principes
918 863 983 924 nrbi
998 863 1303 946 appropinquassent,

181 987 283 1030 omnes
299 969 338 1030 ab
354 969 493 1029 Ariberto
509 968 546 1028 ad
563 986 647 1029 erma
664 975 749 1028 erant
763 968 870 1042 uocati,
888 968 1033 1028 arimanni
1050 963 1185 1045 (qnorum
1201 983 1304 1026 nume-

180 1089 244 1130 rum
261 1088 394 1150 opesque
410 1091 426 1131 e
442 1070 628 1131 documentis
643 1071 730 1131 nobis
747 1066 904 1145 seruatis¹l
921 1070 996 1130 satis
1012 1070 1110 1146 magni
1126 1069 1303 1129 aestimans·

180 1167 233 1251 ris)
250 1173 361 1250 pariter
375 1179 464 1251 atque
480 1173 569 1233 serni.
604 1174 645 1232 At
660 1173 729 1250 quid
752 1192 901 1232 armorum
922 1172 1049 1232 feliciter
1067 1179 1219 1250 gestorum
1234 1189 1303 1232 con-

180 1275 306 1335 scientia
321 1276 420 1336 ualeat
433 1276 472 1336 ad
487 1275 635 1336 libertatis
651 1275 782 1336 studium
798 1275 1002 1347 excitandum,
1017 1277 1167 1336 neminem
1182 1275 1302 1351 ignora-

180 1383 277 1437 turum
305 1396 409 1456 spero,
437 1379 486 1456 qni
512 1385 682 1439 nostrornm
709 1385 876 1456 temporum
900 1377 1054 1438 historiam
1079 1377 1126 1437 nel
1151 1377 1303 1455 paululum

181 1480 352 1557 inspexerit.
1121 1477 1124 1484 ’

246 1583 457 1660 Pugnauerant
479 1585 569 1660 igitur
592 1591 622 1643 et
647 1583 792 1643 arimanni
820 1589 850 1642 et
875 1582 968 1643 serni:
995 1581 1048 1643 sed
1075 1581 1147 1641 nihil
1174 1581 1305 1642 tulerant

182 1687 316 1763 praemii.
351 1685 462 1746 Contra
476 1686 683 1758 naluassoreS,
707 1687 814 1764 quibus
831 1704 901 1764 pars
917 1685 1036 1762 quidem
1053 1684 1170 1744 illomm
1186 1683 1303 1744 restite·

181 1796 237 1860 rat,
253 1809 312 1849 non
325 1789 420 1850 solum
433 1789 581 1863 omnibus,
594 1807 668 1867 quae
682 1789 924 1867 concupicerant,
940 1793 1025 1848 erant
1036 1787 1132 1866 potiti,
1149 1785 1303 1846 sedetiam

181 1891 213 1950 in
228 1893 332 1952 urbem
347 1893 461 1952 reuersi
478 1893 578 1970 prisca
593 1891 717 1952 libidine
733 1889 871 1952 uidentur
886 1891 994 1968 egisse.
1024 1889 1100 1966 Quid
1116 1889 1207 1966 igitur
1224 1921 1262 1932 -
1277 1887 1304 1948 si

181 1995 217 2054 ad
234 2011 419 2055 communem
435 1995 606 2056 inferiorum
627 1995 762 2054 ordinum
783 1999 894 2056 motum
910 1993 1056 2072 respicies
1074 2023 1112 2033 —
1129 1991 1199 2070 quid
1214 1991 1305 2068 igitur

181 2098 297 2171 mirum,
314 2098 393 2175 qnod
409 2097 552 2157 tumultus
569 2097 672 2157 ciuiles
689 2097 819 2157 nondum
835 2097 924 2156 finem
940 2095 1131 2174 acceperint?
1161 2093 1304 2170 Quamuis

180 2217 239 2276 pax
255 2201 355 2278 specie
370 2206 461 2270 esset,
477 2201 555 2260 clam
571 2207 671 2260 tamen
688 2200 756 2260 odia
767 2199 869 2276 augeri
882 2198 1049 2276 oportebat.
1073 2195 1227 2272 Quomodo
1239 2201 1304 2256 tan-

182 2301 250 2362 dem
265 2304 427 2381 eruperint,
444 2301 586 2362 Amulius
602 2309 705 2362 narrat
719 2302 801 2362 bisce
819 2297 868 2382 (ll.
890 2297 952 2377 l8):
975 2299 1092 2376 „Nullis
1108 2299 1236 2360 exterius
1251 2297 1304 2359 ad-

180 2405 371 2466 uersantibus
387 2405 417 2465 in
433 2413 528 2466 semet
542 2406 626 2482 ipsos
642 2410 779 2465 exercent
794 2405 864 2464 odia
879 2405 971 2464 ciues.
996 2403 1117 2462 Factum
1135 2408 1181 2463 est
1195 2408 1305 2477 autem,

182 2512 216 2566 nt
235 2509 353 2586 priuato
373 2508 451 2570 inter
471 2525 503 2567 se
525 2507 621 2584 iurgio
643 2507 779 2585 plebeius
799 2507 917 2586 quidam
941 2506 1073 2583 grauiter
1094 2505 1268 2565 caederetur
1286 2523 1306 2562 a

184 2611 284 2670 milite.
309 2609 393 2670 Vnde
407 2611 494 2690 plebs
507 2609 704 2686 dedignanter
716 2615 872 2684 commota,
887 2615 1011 2686 repente
1023 2608 1182 2668 aduersum
1195 2607 1304 2674 milites

182 2714 213 2773 in
229 2733 312 2774 arma
327 2714 494 2790 consurgit3
515 2713 574 2792 ipsi
596 2717 693 2772 antem
711 2713 792 2772 velut
806 2711 917 2772 incauti
938 2711 1020 2770 iuxta
1040 2729 1130 2789 posse
1150 2709 1303 2771 resistunt.

182 2817 257 2877 Inde
272 2817 367 2876 lomes
382 2816 499 2894 pululat
513 2816 648 2876 odiorum
665 2821 694 2876 et
709 2815 838 2892 partium
854 2814 928 2874 flunt
943 2815 1109 2874 iuramenta
1129 2831 1218 2891 quam
1239 2812 1304 2890 plu·

181 2919 287 2979 rime“.

245 3022 309 3082 Iam
329 3021 421 3099 igitur
441 3021 491 3081 lric
506 3021 724 3100 quaerendum,
748 3037 892 3098 quosnam
909 3020 964 3080 sub
981 3037 1054 3080 uoce
1071 3016 1208 3097 ,plebis“
1226 3035 1305 3078 com·

183 3125 376 3203 prehenderit
398 3125 550 3186 Arnulins.
588 3125 674 3184 Haud
698 3123 787 3184 dubie
810 3122 995 3196 arimannos;
1021 3121 1089 3196 sed,
1113 3127 1146 3181 nt
1168 3121 1305 3199 equidem

183 3234 271 3306 pnto,
293 3228 381 3288 etiam
399 3228 615 3288 Ambrosianus
632 3226 776 3286 ecclesiae
793 3243 902 3285 seruos.
913 3226 960 3285 uel
977 3230 1056 3286 certe
1072 3229 1187 3303 partem
1203 3241 1305 3284 eoram

183 3331 291 3408 opibus
308 3341 337 3389 et
351 3331 523 3391 fortitudine
539 3331 696 3406 insignem.
731 3328 929 3390 confirmatur
948 3329 1022 3388 haec
1042 3328 1191 3388 sententia
1204 3327 1305 3388 uerbis

124 3488 127 3494 .
180 3425 335 3507 landulfi,
352 3436 417 3511 qui,
433 3434 569 3510 quamuis
585 3433 614 3490 in
632 3431 758 3508 singulis
773 3431 833 3491 lide
849 3449 907 3492 non
923 3431 1032 3508 dignus
1048 3432 1097 3502 sit,
1113 3437 1213 3490 tamen
1228 3431 1258 3489 in
1273 3447 1305 3490 re

184 3535 340 3613 primaria,
362 3538 391 3596 in
414 3538 543 3614 partium
559 3534 769 3594 distributione
784 3551 883 3594 errare
900 3552 957 3593 non
975 3533 1081 3611 potuit.
1114 3532 1193 3602 Dicit
1207 3537 1305 3592 antem

184 3639 258 3700 haec
270 3633 405 3718 (11.su):
425 3639 527 3715 ,Bella
539 3637 719 3715 grauissima
731 3638 761 3697 in
771 3638 854 3710 urbe,
866 3633 986 3717 populo
1002 3633 1157 3696 aduersas
1171 3632 1306 3695 maiores
1388 3623 1390 3627 ’

180 3760 241 3824 pro
258 3737 400 3804 libertate
414 3737 624 3822 acquirenda,
637 3737 824 3822 proeliante,
839 3757 927 3817 quam
943 3739 1013 3800 olim
1029 3743 1171 3816 parentes
1187 3738 1251 3798 eins
1267 3737 1304 3796 ob

183 3844 303 3906 nimiam
323 3846 475 3906 bominum
495 3844 648 3904 raritatem
667 3843 844 3916 amiserant,
865 3841 1070 3902 crudelissime
1085 3840 1190 3901 adorta
1205 3837 1304 3911 sunt“,

184 3955 214 4009 et
232 3955 352 4027 postea:
374 3947 524 4027 ,populus
546 3950 723 4025 paupertate
744 3945 844 4017 tortis,
866 3961 926 4026 pro
948 3939 1144 4024 acquirenda
1165 3937 1307 4002 libertate

181 4161 184 4166 .
235 4113 256 4178 ι)
275 4121 313 4168 liis
325 4120 466 4181 praesertim,
479 4132 537 4179 quae
549 4118 622 4166 edidit
631 4117 764 4176 anagalli.
785 4112 954 4175 ,Monetsrios“
966 4115 1027 4176 apud
1039 4129 1091 4162 sum
1099 4114 1203 4162 inueniat
1214 4127 1237 4174 p.
1248 4113 1305 4161 919.

184 4209 241 4255 900.
256 4208 312 4254 970.
328 4208 388 4264 010;
411 4203 555 4263 ,artritices‘⁴
573 4219 596 4265 p.
611 4205 651 4251 90.
666 4204 721 4250 149.
736 4205 792 4250 144.
806 4204 868 4260 99ος
889 4198 1070 4261 „negotiantss“
1088 4201 1235 4260 097109.
1250 4199 1306 4247 144.

186 4295 242 4341 109.
255 4294 312 4341 970.
326 4292 383 4340 908.
396 4292 453 4340 909.
467 4292 526 4339 989.
538 4291 596 4338 499.
610 4291 669 4338 049.
681 4289 742 4347 00ος
762 4286 906 4348 ,οοιτιιίοι“
925 4302 948 4350 p.
960 4288 1018 4334 489.
1032 4287 1095 4344 40οι
1115 4283 1303 4346 ,ιιςοιιιιιίιιιι”

184 4394 206 4442 p.
219 4380 277 4426 410.
301 4377 474 4428 ctr.diul.111.
488 4378 544 4425 997.
558 4377 616 4424 999.
629 4378 686 4422 999.
701 4376 757 4424 010.
