3110 5022
688 199 691 208 ¹
775 249 794 312 a

220 461 316 522 lorum
332 459 478 522 seditione
494 463 581 520 meet.
612 457 658 518 Ita
673 475 738 518 cum
756 458 887 536 priorum
904 457 1055 518 homiuum
1078 475 1176 518 mores
1190 457 1220 516 iu
1238 457 1344 518 melius

196 579 198 585 ’
220 561 421 626 concertendo
443 561 603 634 deformet,
627 579 665 621 ne
687 559 724 621 de
745 560 872 640 singulis
888 560 1008 638 quidem
1030 559 1125 638 gestis
1146 559 1222 620 bene
1238 564 1285 619 est
1299 558 1343 618 in-

221 670 366 738 structum
386 663 446 724 imo
470 663 592 742 saepius
615 663 663 724 uel
678 668 755 736 tum,
777 681 843 724 cum
866 663 1003 742 partibus
1019 662 1082 724 suis
1103 661 1216 722 nullum
1237 661 1344 722 exinde

221 771 348 830 fructum
364 771 538 828 euenturum
555 765 660 840 sciret,
680 765 717 826 ad
734 765 861 826 fabellas
877 765 1037 844 populares
1054 764 1200 840 confugit,
1216 764 1247 824 id
1263 763 1342 841 quod

219 871 248 932 in
265 871 401 932 driherti
415 869 544 936 historia
559 868 695 948 pluribus
711 867 993 930 demonstrabimus.
1028 867 1188 928 Praeterea
1202 866 1343 944 copiosas
1373 866 1375 870 ’

219 979 301 1034 amat
316 971 550 1050 descriptiones,
567 971 627 1032 imo
643 971 741 1032 dicam
757 971 1005 1044 declamationes,
1022 988 1098 1048 quas
1114 974 1222 1048 suapte
1239 974 1345 1030 natura

221 1093 359 1136 corruere
381 1091 468 1134 nemo
490 1093 548 1136 nou
564 1074 656 1136 uidet.
692 1073 731 1134 Ut
752 1073 889 1151 exempla
908 1074 1040 1162 afferam,
1063 1072 1101 1133 de
1116 1072 1247 1148 Gouradi
1262 1072 1345 1132 curia
1426 1071 1430 1082 '

221 1177 364 1256 Papiensi
379 1195 406 1237 a.
423 1179 514 1238 1037.
531 1176 574 1236 eiu
589 1176 653 1252 agit
669 1170 719 1255 (ΙΙ.
737 1169 803 1255 iil:
830 1175 883 1252 ,In
899 1194 957 1253 quo
974 1175 1049 1247 loco,
1066 1181 1156 1254 prout
1171 1181 1235 1236 eret
1250 1175 1342 1236 offen-

219 1281 313 1342 sionis
329 1297 434 1354 causa,
455 1279 506 1340 alii
530 1279 743 1340 restituebatur
764 1297 818 1357 pro
833 1277 904 1339 facti
920 1278 1128 1339 emendatione
1149 1277 1254 1356 optimi
1278 1278 1342 1338 auri

220 1383 297 1446 libra
308 1364 360 1444 aut
372 1383 488 1459 argenti
501 1381 632 1456 marcha,
645 1387 676 1442 et
687 1381 748 1456 alii,
762 1381 840 1442 sicut
850 1381 893 1442 rei
907 1399 997 1442 causa
1008 1381 1147 1456 habebat,
1157 1380 1344 1440 indicabatur

219 1485 382 1551 secundum
394 1485 507 1562 legem3
524 1484 594 1562 quin
611 1484 699 1546 etiam
716 1484 784 1544 aliis
800 1484 962 1544 secuudum
976 1484 1052 1561 legis
1064 1488 1226 1562 praecepta
1237 1501 1343 1545 manus

218 1589 448 1660 truncabantur,
472 1587 541 1648 aliis
561 1587 639 1647 oculi
659 1587 792 1648 funditus
809 1587 1007 1658 eruebantur,
1033 1591 1186 1666 postremo
1211 1603 1282 1646 uero
1305 1586 1343 1646 ab

218 1690 277 1752 alio
300 1690 377 1763 uita,
405 1695 549 1768 quaeest
576 1689 736 1767 pretiosior
756 1709 843 1762 auro,
871 1707 943 1750 ense
970 1689 1053 1766 regio
1076 1689 1175 1768 eapite
1196 1689 1342 1761 abscisso,

220 1789 441 1854 auferebatur“.
472 1790 546 1866 Quis
562 1797 619 1868 cst,
642 1792 691 1869 qui
707 1792 782 1852 haec
797 1811 816 1852 a
831 1793 978 1872 scriptore
995 1810 1031 1852 ex
1046 1791 1131 1852 libito
1147 1809 1202 1852 suo
1217 1792 1344 1852 conficta

219 1895 330 1971 neget?
361 1890 512 1972 Gaiusque
528 1893 584 1954 erit
598 1895 751 1970 momenti,
769 1896 794 1954 si
811 1895 946 1970 ,interea
961 1895 1082 1972 quidam
1096 1899 1343 1955 transmontanus

218 2002 287 2057 ante
310 1996 499 2078 imperatoris
529 1997 729 2076 praesentiam
757 1997 794 2058 de
819 2004 902 2058 curte
925 1996 1014 2058 Leuni
1038 2016 1130 2075 super
1152 1994 1342 2057 Arihertum“

218 2105 400 2176 conquestus
422 2087 491 2164 esse
512 2099 641 2173 dicatur,
664 2117 731 2160 cum
753 2117 768 2160 e
789 2099 963 2178 diplomatis
986 2101 1115 2178 aliisque
1136 2101 1269 2160 lontibus
1291 2119 1342 2176 ge-

217 2199 317 2262 nuinis
330 2217 557 2278 cognoscamus,
573 2220 631 2262 non
643 2207 896 2276 transmontanos,
906 2203 961 2264 sed
973 2203 1067 2264 ltalos
1080 2201 1340 2282 archiepiscopum

218 2303 401 2363 accusasse?
430 2301 544 2362 Eadem
558 2303 671 2364 trutina
687 2304 841 2382 pensanda
857 2310 940 2376 sunt,
961 2323 1037 2382 quae
1053 2311 1161 2383 postea
1177 2305 1214 2364 de
1229 2304 1342 2366 Medio·

218 2403 351 2466 lanensis
372 2404 455 2464 urhis
479 2404 651 2479 obsidione,
675 2406 712 2466 de
732 2406 823 2468 uariis
845 2407 1025 2468 exercituum
1046 2407 1177 2468 motibus
1194 2413 1223 2467 et
1238 2407 1341 2468 decur-

218 2507 318 2581 sibus,
341 2507 378 2568 de
393 2507 549 2586 praeclaro
571 2507 730 2587 Eripraudi
752 2509 934 2570 nicecomitis
955 2509 1189 2570 Mediolanensis
1211 2510 1342 2572 facinore

217 2616 328 2672 namet.
367 2609 441 2670 Nam
468 2609 645 2688 Baiguerius
665 2611 731 2687 ille,
754 2611 883 2674 Conradi
907 2612 1098 2691 imperatoris
1122 2619 1232 2690 nepos,
1255 2630 1341 2691 quem
1447 2685 1449 2689 ι

216 2711 402 2790 Eripraudus
416 2713 604 2776 interfecisse
620 2715 736 2786 dicitur,
752 2733 899 2792 nusquam
914 2715 996 2794 apud
1011 2721 1289 2792 contemporaneos,
1305 2733 1342 2775 ne

217 2833 237 2874 a
252 2814 378 2894 Wipone
400 2815 520 2893 quidem
542 2823 804 2890 commemoratur,
834 2819 884 2896 qui
907 2825 1008 2879 umen
1029 2819 1065 2880 de
1089 2819 1218 2880 omnium
1241 2819 1342 2895 regiae

217 2917 322 2995 stirpis
335 2922 528 2994 cognatorum
543 2919 614 2980 fatis
626 2920 851 2983 accuratissime
866 2921 939 2998 agit,
955 2921 1003 2982 uel
1019 2922 1056 2982 de
1072 2921 1126 2996 eis,
1143 2921 1193 2999 qui
1209 2940 1267 2983 nou
1284 2940 1340 3000 pro

218 3017 356 3079 Conrado
372 3019 426 3079 sed
442 3026 546 3080 contra
561 3039 628 3082 eum
645 3028 814 3100 pugnantes
830 3023 976 3084 obierunt.

283 3119 424 3181 videmus
437 3121 537 3197 igitur,
552 3122 689 3184 nanuum
704 3125 794 3184 eoem
810 3125 840 3185 in
853 3109 958 3204 primis
971 3125 1088 3188 suenus
1101 3127 1186 3188 liure
1199 3128 1261 3188 fere
1274 3145 1341 3188 esse

216 3222 338 3284 nullam.
363 3222 468 3300 ltaque
484 3225 580 3302 magis
597 3226 701 3300 etiam,
725 3245 813 3306 quam
835 3228 933 3288 adhuc
948 3229 1074 3302 iactum,
1092 3230 1257 3290 cauendum
1274 3247 1341 3290 ceu·
1428 3249 1429 3253 ¹

216 3325 340 3399 suimus,
357 3343 395 3388 ue
410 3326 518 3386 ineius
535 3328 772 3390 narratiunculas
788 3330 1003 3404 incideremus,
1019 3331 1068 3392 uix
1084 3333 1128 3392 eie
1144 3332 1174 3392 in
1190 3331 1274 3403 locis,
1291 3333 1341 3392 uhi

218 3445 285 3488 cum
300 3427 368 3488 aliis
384 3430 558 3490 melioribus
574 3433 732 3503 consentit,
749 3452 817 3494 eum
832 3433 1031 3494 adhibuimus.

279 3529 323 3590 De
340 3533 557 3608 posterioribus
574 3533 841 3596 Mediolanensium
863 3537 1076 3615 scriptoribus,
1097 3539 1147 3615 qui
1169 3538 1339 3599 uniuersam

216 3631 332 3709 patriae
354 3633 510 3695 historiam
533 3637 710 3697 concinnare
731 3638 917 3710 studuerunt,
944 3639 1092 3717 imprimis
1114 3639 1151 3700 de
1173 3639 1338 3702 Gualvauei

215 3733 367 3796 Flammae
393 3737 483 3814 nugis
511 3739 646 3816 pluribus
670 3758 760 3816 agere
790 3759 1046 3819 superuacaneum
1069 3743 1206 3804 duximus
1215 3737 1245 3823 ¹).
1293 3744 1339 3804 Ad

215 3839 455 3934 cognoscendam
471 3840 603 3918 priorum
620 3847 786 3919 temporum
802 3843 959 3904 historiam
975 3845 1085 3905 nullius
1102 3850 1172 3906 sunt
1187 3847 1339 3907 momenti.

216 3955 419 3964 ψ-

266 4018 287 4082 1)
305 4026 340 4072 ne
356 4027 462 4076 suosne
482 4029 530 4088 egre
550 4030 575 4076 u
594 4029 816 4091 umrpurimomm
832 4016 1227 4094 up.1ar-1ee‚'ap.uuu0u‚
1245 4035 1287 4082 ss.
1300 4036 1339 4084 ur.

215 4111 362 4169 ele-623,
375 4112 483 4160 Landulll
496 4115 607 4175 imprimis
618 4117 787 4164 rimationibus
800 4131 867 4174 usus,
881 4119 910 4165 do
922 4119 970 4166 suis
986 4121 1063 4166 umen
1075 4120 1175 4176 addens,
1193 4135 1251 4182 quae
1269 4123 1339 4181 magis

213 4197 282 4244 etiam
298 4198 369 4244 risum
385 4202 500 4248 moueant
525 4201 610 4248 Contra
627 4202 667 4262 qui
681 4203 784 4262 proxime
800 4206 853 4264 post
864 4203 1001 4252 Landulium
1018 4206 1130 4259 seniorem
1145 4207 1174 4253 de
1185 4206 1281 4254 historia
1293 4207 1339 4256 bie-

213 4281 341 4332 diolmesu
362 4284 504 4346 scripserunt
524 4286 639 4343 Andreas,
661 4287 750 4336 Arialdl
771 4289 871 4346 mesela,
895 4293 918 4336 ot
937 4290 1063 4338 baudulfus
1086 4292 1161 4339 iunior
1178 4293 1207 4339 de
1225 4293 1250 4341 S.
1268 4292 1340 4342 Paulo

213 4367 342 4416 hubertum
353 4383 382 4416 ae
395 4370 469 4417 obiter
480 4371 573 4432 quidem
584 4378 769 4422 commemorant.
