3110 5022
763 273 805 338 tt

677 362 882 371 ——--——·

282 485 378 545 Tanta
397 484 489 562 igitur
512 484 647 563 potentia
667 489 772 556 anctus
793 482 856 543 lieri
880 501 937 544 non
960 485 1072 563 potuit,
1094 485 1164 564 quin
1186 486 1343 548 eribertus

218 590 296 648 inter
311 587 417 648 ltaliae
433 589 579 666 primates
594 586 680 664 quasi
696 586 755 646 dux
770 603 806 645 ac
821 586 964 665 princeps
980 587 1139 658 emineret,
1164 590 1292 666 quin-
1311 595 1345 650 ut

219 691 350 751 lleinrici
364 690 418 752 111.
435 690 516 767 regis
533 689 612 750 dicto
630 684 721 767 utari)
734 721 774 731 -
792 705 900 764 ,omne
915 707 1042 766 regnum
1054 689 1190 751 ltalicnm
1202 691 1239 752 ad
1254 710 1343 753 sunm

219 799 322 853 nutum
335 787 571 871 disponeret“.²)
597 791 662 852 Iam
674 796 773 851 autem
787 810 844 852 non
858 797 1015 853 contentus
1024 793 1079 866 eis,
1092 809 1167 870 qnae
1176 801 1343 874 acceperat,

218 897 266 957 uel
288 897 413 956 aliorum
435 895 512 956 iuste
534 899 622 973 parta
641 893 700 954 sibi
721 893 858 955 subicere
879 895 1009 967 studuit,
1031 896 1142 974 ubique
1162 913 1287 975 prorsus
1308 916 1344 958 ex

218 999 303 1060 libito
317 1017 371 1058 suo
384 1004 414 1058 et
426 999 620 1058 summa‘cum
633 996 777 1059 uiolentia
788 1013 892 1074 agens.
915 997 963 1058 lta
975 1003 1082 1076 postea
1094 1017 1194 1060 coram
1205 998 1343 1062 Conrado

218 1103 398 1180 imperatore
410 1101 448 1160 ab
456 1099 582 1177 lingone
594 1099 723 1176 quodam
736 1100 845 1160 comite
857 1105 887 1160 et
898 1099 969 1160 aliis¹
979 1117 1068 1178 quam
1080 1101 1218 1181 plurimis
1230 1102 1343 1164 Italicis

219 1209 343 1283 propter
356 1203 466 1263 multas
478 1219 585 1263 causas
598 1207 756 1262 accusatus
769 1208 825 1274 est,
841 1201 949 1280 quibus
962 1219 1014 1263 eos
1026 1203 1200 1265 offenderat.
1224 1203 1343 1284 Optime

219 1325 288 1368 uero
304 1305 453 1384 quomodo
475 1311 506 1366 et
525 1305 593 1384 ipse
612 1309 643 1365 et
662 1304 727 1364 eius
748 1305 868 1382 cognati
884 1323 917 1366 se
933 1306 1098 1382 gesserint,
1121 1307 1305 1386 intellegitur
1326 1327 1343 1368 e

218 1410 380 1487 diplomate
396 1408 642 1487 supralaudato,
665 1407 716 1468 ubi
732 1407 770 1468 de
785 1424 821 1468 eo
837 1407 961 1486 eiusque
982 1415 1092 1487 nepote
1114 1409 1271 1480 Heinricus
1292 1429 1343 1472 rex

218 1517 320 1595 narrat
333 1512 420 1572 haec:
445 1510 499 1585 ,ln
521 1511 612 1587 longa
626 1508 761 1570 Landulti
778 1509 915 1590 episcopi
937 1511 1104 1588 egritudine
1120 1531 1179 1574 non
1195 1515 1342 1575 modicam

219 1633 311 1695 passa
325 1620 373 1674 est
387 1614 515 1674 ecclesia
529 1607 741 1674 Cremonensis
763 1614 916 1689 iacturam,
941 1615 1065 1675 maxime
1081 1634 1099 1674 a
1114 1613 1240 1678 Girardo
1257 1616 1341 1678 Heri·
1424 1605 1436 1616 ⁹

218 1718 294 1780 berti
316 1716 549 1777 Mediolanensis
574 1713 796 1795 archiepiscopi
819 1721 944 1794 nepote,
965 1717 1015 1795 qui
1036 1717 1163 1778 audacia
1184 1721 1281 1798 patmi
1296 1721 1342 1781 sui

218 1821 346 1898 superbe
366 1819 484 1879 leuatus
508 1817 652 1896 quidquid
674 1818 732 1879 sibi
754 1819 896 1897 placitum
917 1825 983 1879 e'rat
1001 1820 1112 1881 iustum
1128 1827 1180 1881 aut
1199 1821 1342 1883 iniustum

218 1921 401 2003 potestatiue
418 1921 599 1998 operabatur
613 1921 644 1981 in
659 1938 762 1999 regno.
794 1921 911 1982 Innasit
930 1923 1030 2000 itaque
1051 1929 1162 2004 cortem
1178 1930 1209 1985 et
1223 1925 1341 2004 plebem

218 2027 256 2088 do
272 2025 397 2086 Arciaco
414 2028 517 2084 contra
531 2023 715 2084 uoluntatem
733 2027 764 2084 et
786 2025 852 2085 sine
867 2025 1066 2104 permissione
1087 2027 1210 2088 multum
1233 2027 1342 2106 diuque

218 2129 383 2208 egrotantis
405 2128 549 2207 episcopi.
585 2127 639 2189 Cui
661 2145 727 2188 cnm
749 2145 873 2190 necease
895 2134 977 2190 osset
997 2128 1034 2189 ad
1052 2129 1256 2208 episcopalem
1272 2147 1342 2190 con·

220 2234 415 2294 sacrationem
433 2231 585 2307 accedere,
601 2232 640 2292 ab
655 2231 885 2312 archiepiscopo
897 2237 930 2293 nt
943 2237 1168 2326 consecraretpr
1183 2232 1342 2311 impetrare

218 2354 405 2415 nequaquam
422 2335 526 2410 ualuit,
543 2334 600 2395 uisi
617 2334 735 2413 plebem
752 2340 783 2396 et
798 2341 920 2408 cortem,
936 2315 1029 2413 qnam
1039 2333 1149 2395 iniuste
1165 2343 1195 2396 et
1210 2341 1343 2414 potesta·

218 2440 279 2500 tine
294 2439 457 2513 inuaserat,
474 2439 577 2517 nepoti
593 2455 648 2498 suo
664 2437 850 2499 concederet.
882 2437 1014 2516 Cumque
1030 2439 1059 2497 in
1074 2437 1197 2516 longum
1214 2455 1269 2517 pro
1285 2439 1343 2499 hac

218 2541 382 2602 intentione
405 2540 470 2600 eius
494 2540 692 2619 protelaretur
714 2541 916 2614 consecratio,
940 2559 999 2602 non
1022 2547 1146 2620 sponte,
1169 2541 1223 2602 sed
1240 2548 1341 2602 coacto

218 2644 381 2715 concessit,
404 2643 483 2720 quod
506 2648 638 2722 poterat,
655 2644 915 2705 consecrationem
932 2663 989 2705 non
1010 2645 1098 2706 aliter
1112 2650 1339 2706 consecuturas.

218 2745 295 2822 Quia
306 2761 377 2806 uero
394 2745 517 2806 multum
530 2745 655 2806 moleste
667 2746 782 2808 ferebat
797 2746 876 2824 quod
887 2747 958 2808 inde
969 2749 1089 2820 lecerat,
1102 2748 1182 2828 apud
1195 2748 1341 2825 genitoris

218 2849 312 2909 nostri
327 2834 542 2908 excellentiam
555 2847 731 2910 multociens
747 2855 929 2928 conquestus
944 2855 1005 2924 est,
1021 2867 1063 2930 ¹se
1084 2849 1141 2911 boc
1157 2855 1265 2928 sponte
1280 2867 1340 2910 non

217 2952 335 3012 iecisse.
359 2950 412 3012 Cui
426 2969 492 3010 cum
507 2947 670 3030 predictam
683 2957 795 3014 cortem
809 2957 839 3013 et
850 2952 968 3030 plebem
981 2952 1137 3014 restituere
1150 2952 1251 3023 uellet,
1268 2969 1340 3030 sepe

217 3061 248 3116 et
263 3055 422 3133 sepissime
438 3071 492 3132 per
507 3071 579 3113 suas
601 3053 703 3114 literas
725 3054 768 3114 illi
786 3054 956 3114 mandatum
973 3060 1034 3130 est,
1055 3060 1089 3115 ut
1103 3073 1155 3116 eas
1171 3055 1208 3115 ad
1225 3061 1339 3133 partem

217 3157 364 3236 episcopii
384 3157 539 3217 habendas
559 3157 750 3235 relinqueret.
782 3156 867 3233 Quod
884 3175 1042 3235 numquam
1059 3157 1218 3236 impetrare
1234 3157 1339 3230 naluit,

217 3261 270 3322 sed
285 3260 433 3321 diabolico
449 3261 592 3320 instinctu
606 3260 670 3320 eius
683 3260 863 3337 legationem
875 3260 1099 3340 pamipendeus
1112 3261 1249 3338 superius
1261 3259 1341 3320 dicta

217 3363 344 3424 detinuit
359 3369 389 3424 et
403 3363 462 3423 alia
478 3362 571 3424 multo
587 3364 700 3423 maiora
714 3364 751 3424 ad
768 3364 913 3441 genitoris
934 3364 1065 3426 dedecus
1088 3368 1119 3425 et
1135 3363 1279 3424 uilitatem
1295 3363 1339 3422 in-

217 3467 328 3528 uadere
344 3485 402 3527 non
419 3463 620 3528 lormidanit“.

267 3702 289 3765 1)
307 3707 334 3754 In
350 3706 429 3754 charta
445 3706 551 3754 liubaldo
569 3709 677 3768 episcopo
694 3708 841 3754 Cremonensi
859 3707 923 3764 data,
942 3708 1004 3754 edita
1020 3708 1117 3769 primunr
1133 3707 1183 3754 aina
1201 3707 1254 3753 anni
1271 3707 1340 3765 signi·

215 3795 322 3842 litatione
338 3807 376 3853 ap.
394 3793 514 3850 dictatori,
537 3794 692 3854 Antiquitatea
704 3793 744 3840 Vl.
761 3794 810 3841 21⁷
828 3807 892 3854 aqua
909 3796 990 3855 postea
1006 3792 1048 3842 aab
1065 3807 1086 3840 a.
1100 3793 1174 3840 1042.
1191 3805 1205 3840 a
1222 3791 1340 3847 Zacharia,

216 3881 379 3939 Episcopornm
392 3879 577 3927 Cremonensium
588 3881 659 3927 aeriae
671 3895 693 3940 p.
708 3880 764 3926 104,

266 3957 288 4022 ἵ)
306 3965 527 4012 archicancellarius
548 3969 623 4013 numm
645 3967 708 4024 regni
729 3965 803 4012 ltalici
822 3965 894 4013 -id
915 3965 978 4026 qnod
995 3964 1153 4021 Gieaebreclnt,
1170 3964 1297 4012 llaiaeraelt
1310 3942 1344 4010 ΙΙ.Ι

217 4053 264 4098 628
283 4052 367 4098 conicit
386 4073 417 4084 —
434 4051 545 4098 nonfuit.
571 4051 618 4098 lnro
635 4053 710 4098 omnia
727 4053 828 4099 Conradi
844 4052 968 4112 diplomata
985 4051 1029 4097 hoc
1045 4053 1147 4111 tompore
1164 4051 1225 4097 edita
1237 4049 1341 4108 lingonis

215 4136 345 4183 cancellarii
357 4149 438 4183 nonren
453 4151 507 4196 prae
519 4152 543 4184 se
555 4137 638 4194 ierunt,
651 4137 844 4185 archicancellarii
854 4137 961 4184 linitionis
973 4139 988 4184 i.
998 4153 1017 4183 e.
1028 4137 1194 4198 archiepiscopi
1204 4136 1338 4195 ldogontini,

216 4223 281 4270 cuiue
294 4223 406 4282 scriptura
417 4224 520 4278 tanturn,
533 4225 559 4270 nt
570 4225 625 4269 tunc
637 4225 705 4270 morie
717 4225 778 4277 erat,
791 4223 909 4282 paululum
922 4225 1029 4270 mutatur.
1048 4223 1087 4270 Sic
1099 4224 1166 4271 etiam
1179 4223 1202 4268 in
1215 4221 1339 4282 diplomata

215 4309 320 4356 Fariensi
337 4307 382 4369 (ap.
399 4308 508 4355 lluratori
527 4309 569 4356 SS.
583 4307 624 4354 nn
637 4309 693 4364 dio,
710 4307 791 4356 Bdhm.
806 4308 894 4366 1809),
912 4309 973 4370 quod
987 4307 1136 4355 cremonem
1147 4306 1252 4354 interm
1269 4307 1339 4354 ateri-

214 4394 259 4449 bit,
272 4394 328 4441 nihil
341 4394 404 4442 aliud
417 4393 500 4453 legitor
512 4394 567 4440 nisi:
590 4393 668 4452 ,Hugo
681 4395 729 4440 ricc
741 4393 888 4442 llamiionis“.
