3110 5022
726 257 767 320 29

640 343 845 355 -μ-ιι--ι-

185 475 274 546 ,post
289 469 403 544 aliquot
417 465 504 527 dies“
513 461 537 541 ¹)
553 465 696 526 liberatus
713 466 761 540 sit,
781 471 901 544 praeter
916 464 1072 542 Wiponem
1089 473 1118 522 et
1133 462 1307 522 Herimanni

181 571 363 648 Fragmenta
384 569 584 648 comperimus
614 585 649 628 ex
675 568 774 646 ipsius
802 567 978 645 diplomate,
1008 585 1035 626 a.
1056 569 1146 626 1041.
1162 565 1305 626 coenobio

182 673 317 734 Tollensi
344 672 414 733 dato
423 667 461 751 ²).
508 670 581 732 (lum
609 671 687 730 enim
714 669 803 730 simul
829 689 894 730 cum
920 669 1100 747 imperatore
1125 669 1304 728 Placentiam

182 776 289 836 ductus
305 779 396 848 esset,
412 773 540 852 quadam
556 779 642 834 nocte
659 773 764 833 Albino
780 773 942 833 monachus
949 766 974 846 ³)
995 790 1028 832 se
1045 773 1109 832 eius
1129 772 1194 831 uice
1214 771 1305 831 collo·

182 879 269 940 cahat
288 878 319 937 in
335 876 422 951 lecto,
438 893 497 954 quo
513 877 578 954 ipse
592 876 690 936 iacere
705 875 839 950 solebat,
861 881 892 935 et
912 876 1093 954 superducto
1116 875 1305 953 coopertorio

182 982 279 1057 latuit,
295 987 327 1040 ut
342 979 385 1040 ita
400 979 541 1039 custodes
555 979 682 1040 falleret.
719 979 974 1058 Archiepisoopus
988 985 1088 1038 autern
1104 977 1232 1038 adducto
1248 979 1306 1037 sibi

186 1101 262 1161 equo
283 1084 354 1159 tuga
376 1083 482 1160 lapsus
498 1088 568 1160 post
588 1081 698 1142 multas
721 1081 911 1141 difficultates
933 1088 1091 1160 superatas
1107 1081 1305 1141 Mediolanum

182 1188 274 1261 uenit,
292 1186 341 1246 ubi
356 1205 375 1245 a
390 1186 453 1246 suis
468 1203 577 1262 magno
593 1204 658 1245 cum
675 1185 783 1261 gaudio
799 1189 938 1262 receptus
954 1189 1010 1247 est.

246 1288 329 1364 Quae
358 1306 408 1348 res
438 1293 579 1365 quantum
610 1287 719 1364 ubique
747 1303 896 1346 rumorem
927 1287 1136 1358 excitauerint,
1171 1287 1219 1345 uix
1249 1285 1306 1344 dici
1364 1353 1370 1360 ,

184 1398 296 1470 potest.
314 1387 1308 1468 ,Quis-itaipseArihertusindiplomatesupralaudato-quis
1364 1410 1366 1420 ·

183 1501 283 1555 nostre
314 1494 472 1572 captionis,
503 1493 570 1570 quis
600 1499 721 1553 nostrae
751 1493 840 1552 etiam
871 1485 1034 1570 ereptionis
1063 1493 1175 1552 inscius
1202 1497 1249 1552 est
1278 1497 1308 1550 et

182 1598 311 1668 nesciat,
336 1596 416 1674 qnod
431 1613 450 1654 a
463 1595 584 1655 homine
601 1595 812 1656 miserabiliter
833 1603 939 1674 captus
953 1602 985 1655 et
999 1613 1018 1654 a
1032 1595 1095 1654 Deo
1112 1595 1168 1655 sim
1185 1595 1306 1654 misera-

182 1700 284 1760 biliter
312 1699 475 1760 liberatus?
521 1697 594 1774 Quis
624 1699 747 1775 ignarus
779 1705 839 1772 est,
872 1717 926 1759 nos
957 1698 1107 1774 suffragiis
1138 1703 1306 1758 nostrorum

183 1807 351 1864 sanctorum
373 1808 403 1862 ct
418 1801 599 1862 adminiculo
627 1801 758 1862 fidelium
788 1805 959 1862 nostrornm
988 1821 1049 1860 una
1069 1806 1157 1862 nocte
1182 1799 1307 1860 hostiles
1353 1788 1356 1793 ’

183 1894 295 1966 cuneos
322 1905 472 1976 euasisse,
510 1921 613 1965 amnes
643 1921 760 1982 quoque
798 1903 920 1982 rapidos
951 1905 1015 1964 sine
1044 1903 1176 1964 laesione
1210 1910 1308 1962 nans-

183 2005 351 2068 measse“?
380 2007 485 2084 Neque
506 2012 614 2085 postea
628 2007 872 2086 archiepiscopus
888 2025 964 2084 quae
982 2007 1128 2080 ,haditus
1145 2005 1307 2078 custodiae,

184 2111 262 2183 telis,
284 2110 476 2170 mucronibus
497 2107 733 2188 circumseptus“
755 2109 808 2168 illa
826 2114 913 2170 nocte
935 2109 1098 2169 deuouerat
1119 2109 1230 2186 oblitus
1247 2114 1308 2168 est:

156 2241 162 2254 ·
186 2213 244 2272 imo
259 2211 392 2273 'lollensi
404 2205 551 2273 ¹coenobio
567 2211 597 2272 S.
614 2211 789 2286 salvatoris,
806 2212 853 2270 cui
873 2212 988 2271 felicem
1005 2211 1178 2289 apericulis
1199 2211 1308 2271 exitum

184 2315 331 2394 imprimis
362 2315 547 2386 ascribebat,
577 2313 705 2394 plurima
733 2315 858 2375 contulit
882 2314 974 2387 dona,
1009 2315 1185 2374 Albizonem
1209 2319 1308 2374 autem

185 2423 267 2492 „tam
284 2417 422 2494 egregiae
442 2416 595 2479 fidelitatis
617 2414 750 2478 memor“
766 2417 796 2476 in
816 2416 955 2490 abbatiae
976 2417 1149 2493 dignitatem
1173 2416 1307 2477 eiusdem

174 2519 360 2580 monasterii
376 2519 488 2580 extulit.

249 2623 379 2684 Mcoutra
394 2621 560 2695 Corradus,
580 2621 716 2700 paschali
731 2621 892 2682 lestiuitate
908 2623 1068 2682 Rauennae
1084 2627 1220 2700 peracta,
1243 2641 1308 2682 cum

188 2727 344 2800 omnibus,
368 2743 443 2804 quas
466 2725 576 2786 habere
598 2729 730 2802 poterat,
754 2729 785 2784 et
810 2722 996 2786 Germanicis
1019 2731 1049 2785 et
1073 2724 1187 2785 Italicis
1214 2726 1309 2804 copiis

186 2847 291 2890 mense
307 2828 384 2889 Maio
405 2827 444 2888 ad
460 2827 658 2888 obsidendum
674 2825 874 2887 Mediolanum
895 2845 1076 2906 progressus
1092 2834 1146 2889 est.
1178 2827 1309 2890 Castello

186 2931 325 3010 quodam,
338 2933 384 2992 cui
396 2948 504 2992 nomen
520 2929 770 3004 erathandriano,
785 2931 882 3008 primo
897 2932 1012 3009 impetn
1027 2937 1206 3010 expugnato,
1222 2931 1310 2991 tertio

185 3035 223 3095 ab
246 3035 320 3094 urhe
343 3033 471 3094 miliario
497 3038 596 3094 castra
616 3032 703 3094 locat.
754 3032 994 3094 Mediolanenses
1020 3042 1118 3094 autem
1139 3036 1248 3114 promti
1270 3036 1309 3094 ad

185 3136 388 3198 resistendum
405 3136 541 3216 proxima
560 3136 692 3196 ciuitatis
712 3135 849 3196 muniunt
869 3136 948 3210 loca,
970 3137 1074 3197 urbem
1093 3139 1208 3216 ipsam,
1229 3155 1309 3198 moe·

237 3353 257 3415 ¹)
276 3359 315 3408 Sic
327 3361 389 3407 recte
401 3359 533 3406 Herimanni
546 3357 689 3418 Fragmenta.
710 3350 800 3406 ornulfi
817 3363 886 3420 ,post
897 3375 987 3408 menses
999 3359 1071 3408 duos‘
1087 3360 1125 3419 (ll.
1141 3361 1181 3420 12)
1193 3377 1239 3410 non
1248 3365 1309 3410 recte

184 3432 454 3501 conterminorum
469 3445 787 3493 sacrosanctarum.
811 3445 891 3506 raquo
903 3447 970 3494 asam
983 3459 1042 3507 qua
1058 3447 1309 3505 uolnerauerant,

183 3531 420 3580 aMediolanensihus
436 3532 567 3594 imperatori
582 3531 737 3588 transmissis,
754 3532 794 3593 qni
810 3530 882 3580 nihilo
899 3533 974 3580 minus
990 3532 1186 3596 archiepiscopum
1202 3537 1309 3592 tenuerit,

183 3618 208 3664 in
219 3619 308 3664 textum
320 3619 421 3678 recipere
432 3618 504 3666 nolui.
1373 3602 1375 3606 Ι

235 3695 257 3761 ²)
274 3702 358 3750 Exstat
373 3718 409 3765 ap.
421 3703 513 3763 Ughslli
527 3703 567 3751 1v.
582 3705 638 3751 103.
666 3705 772 3751 (laterum
789 3705 890 3752 narratio
906 3704 989 3752 haustu
1009 3708 1073 3753 aste
1096 3705 1198 3753 lontibus
1216 3720 1312 3768 supraa

184 3789 250 3836 nobis
262 3790 397 3836 examinatis
409 3787 460 3846 (cir.
473 3804 496 3850 p.
510 3791 541 3836 12
554 3788 623 3850 sqq.).

236 3867 257 3933 ³)
275 3875 453 3936 Wipocsp.8b:
468 3874 959 3936 ,quidamdefamiliaribusarchiepisoopi'.
982 3875 1085 3936 Fragm:
1098 3879 1310 3936 ,quodamsuomo-

185 3959 259 4006 nacho
271 3961 424 4016 machinante,
437 3961 478 4020 qni
489 3961 552 4007 solus
564 3975 617 4008 cnm
628 3974 655 4006 eo
672 3961 823 4008 miserationis
837 3976 906 4008 causa
916 3963 1040 4022 permissus
1053 3966 1089 4010 cst
1100 3963 1228 4010 habitare“.
1252 3964 1311 4010 Maio

188 4046 298 4092 monacho
310 4045 417 4092 Alhizoni
429 4059 513 4092 nomen
524 4046 602 4101 tuisse,
616 4047 718 4107 diploma
729 4047 829 4094 hrlherti
840 4049 953 4094 ostendit:
965 4052 1058 4107 ,noster
1068 4050 1311 4106 fidelissimusAlbizo,

136 4145 139 4150 ¹
184 4145 198 4177 a
210 4131 330 4178 cunabulis
342 4131 479 4186 monachus,
498 4132 584 4178 nostris
601 4131 625 4178 in
638 4133 742 4179 omnihus
753 4134 855 4180 iussib'us
872 4133 1012 4195 obsequens,
1030 4137 1070 4195 qui
1084 4136 1145 4194 genti
1157 4135 1311 4182 ferocissimae

185 4229 210 4262 se
221 4217 345 4264 immiscuit
357 4220 391 4273 st,
410 4220 436 4264 ut
448 4231 490 4264 nos
502 4217 657 4272 liberaremur,
675 4219 738 4279 capt,
752 4219 845 4276 vinciri,
861 4218 922 4265 fame
939 4221 1022 4280 sitique
1036 4221 1118 4266 confici
1131 4224 1154 4266 et
1166 4222 1311 4268 coutumeliis

185 4301 246 4348 affici
257 4301 377 4364 pertulit“.
402 4303 466 4350 Vidit
483 4303 507 4350 id
527 4304 572 4350 iam
584 4304 745 4361 Giesehrecht,
763 4306 802 4366 qni
817 4305 904 4366 primm
916 4306 984 4353 stiam
995 4306 1102 4354 Landultl
1114 4306 1202 4354 tabulas
1216 4307 1254 4364 (ll.
1267 4307 1310 4365 22)

184 4389 270 4436 reiecit.
